4842 6159
560 467 638 547 560
1137 472 1140 479 '
1192 465 1239 540 ll.
1266 466 1309 541 tt.
1338 463 1524 554 Gdnnnnr,

559 702 641 804 bii,
676 730 899 817 corporum
920 701 1202 801 marinorum,
1238 728 1348 815 quae
1366 702 1416 787 in
1435 700 1651 787 montibus
1671 702 1960 815 reperiuntur,
1992 702 2181 817 phaeno-

561 878 709 954 mena,
751 855 972 967 praecipue
1003 853 1099 938 satis
1133 854 1220 938 iam
1254 851 1328 938 illo
1361 870 1552 967 tempore
1577 856 1759 971 cognita,
1801 858 2019 970 perspicue
2048 858 2181 973 expli-

562 1020 722 1089 carunt

677 1296 752 1382 His
765 1301 984 1411 reputatis,
1012 1300 1088 1385 ubi
1103 1304 1374 1415 quaesiveris,
1402 1328 1615 1415 quaenam
1633 1298 1706 1385 illo
1726 1301 1814 1386 iam
1835 1317 2024 1416 tempore
2044 1302 2096 1389 ad
2110 1335 2183 1389 ve-

561 1450 730 1534 ritatem
758 1449 951 1561 proxime
978 1454 1222 1535 accesserint
1245 1453 1486 1564 opiniones,
1522 1452 1596 1534 vix
1621 1449 1864 1553 credideris,
1899 1453 2021 1538 brevi
2043 1472 2183 1565 postea

562 1595 681 1683 illam
708 1599 869 1709 saepius
897 1600 984 1682 iam
1010 1598 1230 1685 refutatam
1261 1618 1302 1684 et
1323 1598 1534 1711 explosam
1554 1600 1801 1710 opinionem
1822 1598 1875 1683 de
1897 1599 1989 1685 lusu
2008 1620 2183 1688 naturae

562 1750 719 1831 iterum
741 1772 956 1859 resurgere
975 1750 1165 1858 potuisse.
1223 1746 1278 1831 Et
1289 1748 1471 1861 profecto
1486 1745 1642 1831 multae
1655 1750 1788 1831 mirae
1801 1751 2051 1849 sententiae,
2080 1778 2184 1863 qua-

563 1921 661 1981 rum
683 1891 764 1979 alia
787 1893 912 1977 aliam
934 1920 1130 2005 superare
1149 1896 1384 1979 temeritate
1403 1892 1583 1993 videtur,
1611 1912 1713 1977 tunc
1733 1897 1932 2007 temporis
1950 1894 2184 2007 publicatae

562 2061 672 2129 sunt.
737 2041 805 2125 Sic
833 2041 1161 2159 sperlingius
1196 2043 1238 2161 ¹)
1267 2042 1320 2129 ad
1348 2042 1671 2157 patrefactorum
1696 2046 1870 2159 genesin
1892 2043 2185 2157 explicandam

562 2193 738 2309 genium
760 2188 1017 2302 lapidificum
1037 2195 1356 2278 subterraneum
1377 2191 1445 2277 vel
1467 2219 1613 2276 auram
1634 2191 1900 2294 seminalem,
1930 2194 1966 2278 J.
1984 2194 2096 2279 Plot
2120 2195 2185 2313 ²),

565 2342 730 2425 Lucas
748 2338 886 2422 Rhin
914 2338 974 2455 ³),
1019 2340 1265 2426 Libavius
1290 2341 1335 2455 4)
1357 2358 1431 2425 etc.
1449 2368 1614 2441 semen,
1649 2341 1763 2454 quod
1782 2371 1861 2454 ope
1879 2371 2011 2456 aquae
2032 2347 2079 2429 in
2102 2364 2185 2431 ter-

564 2516 658 2575 ram
687 2484 977 2570 descendentis
1003 2490 1141 2573 varias
1167 2489 1230 2572 ibi
1256 2488 1483 2572 herbarum
1509 2488 1663 2573 formas
1691 2487 1874 2602 lapideas
1894 2491 2101 2606 gigneret,
2135 2494 2185 2576 in

567 2636 773 2723 auxilium
789 2653 1002 2719 vocarunt.
1038 2636 1186 2750 Neque
1200 2640 1343 2721 minus
1357 2635 1584 2749 probabilis
1597 2635 1764 2720 videtur
1777 2640 2026 2740 coniectura,
2052 2668 2076 2723 a
2095 2638 2186 2724 Ca-

568 2784 791 2868 merario
819 2785 1044 2894 proposita,
1075 2800 1194 2868 testas
1215 2803 1256 2868 et
1275 2784 1498 2896 patrefacta
1521 2783 1654 2881 varia,
1685 2784 1738 2866 ab
1760 2801 1926 2869 auctore
1946 2804 2119 2871 naturae
2137 2791 2185 2872 in

569 2935 706 3047 prima
722 2933 932 3015 creatione
948 2929 1129 3017 aliorum
1143 2932 1332 3047 lapidum
1350 2951 1390 3018 et
1404 2930 1692 3046 crystallorum
1706 2934 1838 3018 instar
1851 2933 2038 3036 formata,
2054 2954 2188 3022 terrae

568 3082 704 3167 stratis
724 3080 850 3164 insita
871 3078 1007 3164 fuisse.

686 3225 772 3312 Alii
787 3227 1138 3341 contemplatione
1152 3231 1363 3314 varietatis
1377 3255 1619 3341 corporum,
1648 3256 1756 3341 quae
1778 3260 1829 3313 ex
1851 3229 2010 3317 telluris
2027 3236 2188 3348 gremio

572 3375 848 3476 effodiuntur,
877 3380 925 3461 in
948 3406 1133 3464 errorem
1157 3379 1289 3479 ducti,
1317 3380 1364 3463 in
1387 3377 1604 3494 analogiis,
1634 3407 1741 3490 quae
1763 3398 1898 3464 essent
1919 3383 2032 3465 inter
2052 3380 2123 3466 illa
2148 3400 2188 3465 et

572 3526 841 3611 formationes
856 3524 1079 3611 hodiernas
1092 3529 1180 3613 sive
1195 3524 1426 3611 artificiales
1438 3528 1526 3609 sive
1540 3525 1759 3626 naturales,
1778 3527 2049 3628 inveniendis
2062 3558 2188 3614 omne

572 3703 696 3761 suum
718 3693 947 3787 posueruut
968 3675 1164 3760 studium.
1232 3674 1357 3760 Unde
1379 3678 1539 3776 evenit,
1566 3692 1614 3757 ut
1631 3703 1778 3759 omnes
1800 3675 1973 3789 lapides,
2009 3706 2190 3790 quorum

559 3818 809 3935 superficies
822 3839 992 3907 externa
1014 3826 1123 3909 striis
1143 3822 1211 3908 vel
1233 3822 1374 3940 figuris
1394 3852 1490 3909 casu
1511 3825 1678 3907 fortasse
1699 3827 1851 3909 exortis
1870 3827 2071 3942 insignita
2092 3846 2191 3930 erat,

576 3970 762 4091 lapides
763 3968 1019 4089 figuratos
1032 3972 1098 4057 vel
1114 3974 1299 4089 lapides
1317 3991 1469 4061 certos
1482 3969 1845 4088 certaefiguraa
1859 3978 2134 4061 nominarint.

646 4324 683 4413 ¹)
704 4326 880 4409 Lithclcgia,
900 4346 988 4410 mam
1001 4326 1054 4388 snb
1064 4327 1189 4408 praeside
1199 4327 1252 4389 viri
1269 4340 1322 4389 etc.
1343 4329 1603 4409 Joann.Speslingii
1620 4326 1707 4408 Phys.
1719 4328 1794 4389 Pros.
1805 4329 1923 4409 publico
1936 4332 2059 4392 examini
2068 4332 2192 4396 submit-

703 4448 740 4509 tit
761 4448 798 4508 G.
807 4447 841 4508 E.
850 4446 1033 4528 Wiegandns.
1056 4446 1150 4509 Viteb.
1164 4441 1257 4509 1657.

644 4562 681 4650 ²)
703 4566 776 4625 Plct.
801 4564 901 4626 Natus.
918 4562 1027 4645 history
1047 4564 1084 4627 ol'
1096 4562 1291 4626 Oxscrdshire.
1326 4563 1438 4626 Oxi'osd
1459 4560 1551 4624 1686.
1612 4563 1710 4625 Eiusd.
1731 4565 1830 4627 Natus.
1853 4565 1920 4629 hist.
1943 4568 1979 4629 os
1995 4569 2193 4634 staffordstire

710 4677 802 4741 1686.
1537 4686 1547 4699 '

648 4795 685 4883 ⁸)
707 4798 784 4862 Rhin
796 4799 902 4861 dissert.
912 4799 947 4859 de
959 4799 1041 4861 ebore
1053 4797 1152 4861 fossili.
1173 4798 1297 4863 tttdost.
1315 4796 1407 4861 1682.

647 4912 687 5003 ⁴)
709 4918 834 4979 Historia
849 4930 877 4979 at
889 4918 1062 5003 investigatio
1074 4919 1197 4982 fontium
1209 4919 1420 4982 medicinalium
1432 4918 1470 4981 sd
1480 4917 1605 4981 Tubasin
1615 4916 1670 4979 snb
1681 4917 1877 5002 Rotembetgo.
1898 4924 1930 4983 Ρ.
1938 4924 1996 4984 lll.
2018 4922 2146 4986 Francos.
2157 4926 2195 4987 ad

709 5036 855 5098 Moenum.
