4842 6159
556 474 632 553 tta
1187 477 1234 552 Η.
1260 478 1302 550 Β.
1331 474 1516 566 Gdaaaar,

553 708 988 828 gerKornrihren)‚
1018 712 1244 826 dequibus
1265 712 1352 797 iam
1373 711 1755 798 Soheuobaerus
1782 712 1842 833 ¹),
1871 712 2093 800 Wollart
2117 713 2176 832 ²),

557 860 848 945 Gronovius
881 860 941 977 ³),
980 861 1312 946 Bruckmann
1343 859 1409 979 ⁴),
1445 836 1798 979 Moehringius
1831 860 1873 981 ⁵)
1901 861 2177 977 disputarunt,

559 1036 780 1122 perperam
794 1036 871 1122 pro
892 1012 1015 1121 spicis
1032 1009 1219 1095 Phalaris
1239 1012 1494 1096 canariensis
1508 1010 1932 1129 (Kauariengras)
1955 1012 2176 1098 fructiferis

559 1157 716 1257 habuit,
730 1158 799 1240 sed
814 1156 985 1242 illarum
998 1161 1206 1274 originem
1223 1157 1560 1271 paulopostWal
1571 1158 1659 1244 din
1670 1188 1724 1243 us
1741 1160 1785 1278 ⁶)
1801 1163 2058 1276 argumentis
2066 1158 2176 1245 haud

557 1307 817 1420 gravioribus
840 1336 862 1390 a
884 1307 1146 1422 graminibus
1174 1308 1387 1424 indigenis
1412 1306 1602 1393 derivare
1631 1310 1819 1392 tentavit.
1876 1310 2024 1394 Nostra
2045 1327 2177 1392 aetate

558 1456 930 1569 Sternbergius
960 1475 1001 1539 et
1030 1456 1430 1573 Rrongniartius
1458 1486 1525 1540 eas
1547 1455 1669 1572 Algas
1697 1486 1782 1540 esse
1802 1455 2089 1540 demonstrare
2109 1485 2177 1539 oo-

561 1605 652 1686 nati
670 1610 776 1686 'sunt
804 1602 1025 1721 (Fucoides
1050 1605 1350 1691 frumentarius
1373 1606 1626 1717 brongniart
1647 1602 1749 1689 Hist.
1765 1632 1852 1719 veg.
1868 1605 1956 1689 loss.
1985 1603 2017 1688 Ι.
2046 1634 2085 1719 p.
2101 1603 2175 1707 753

561 1748 819 1865 Caulerpites
832 1750 1132 1837 frumentarius
1146 1754 1312 1839 Sternb.
1325 1753 1448 1837 Flora
1462 1752 1537 1836 der
1553 1750 1752 1837 Vorwelt.
1774 1749 1812 1835 5.
1821 1751 1905 1835 no.
1914 1750 1996 1836 llft.
2014 1752 2148 1869 pat).

675 2100 880 2218 Colligere
902 2121 943 2185 et
963 2106 1012 2186 in
1034 2103 1302 2187 commodum
1324 2100 1519 2186 ordinem
1540 2101 1780 2215 disponere,
1824 2131 2100 2217 quaecunque
2126 2103 2178 2189 ad

560 2279 684 2335 suum
705 2281 835 2365 usque
856 2270 1019 2364 tempus
1038 2252 1091 2336 de
1113 2252 1346 2365 patrefactis
1366 2268 1451 2335 tam
1473 2250 1726 2335 animalibus
1739 2280 1868 2364 quam
1883 2252 2178 2367 vegetabilibus

562 2416 660 2484 nota
683 2418 820 2499 erant,
855 2398 927 2483 illo
951 2416 1137 2512 tempore
1160 2401 1371 2512 imprimis
1391 2417 1562 2483 conatus
1583 2416 1641 2483 est
1660 2396 1938 2501 Walcbius,
1974 2399 2179 2486 Professor

561 2545 751 2631 lenensis
774 2546 830 2662 ⁷).
889 2546 1018 2631 Cuius
1034 2550 1115 2632 viri
1129 2576 1255 2660 opera
1272 2550 1345 2630 etsi
1362 2549 1493 2630 nimia
1510 2546 1727 2630 abundant
1743 2546 1987 2632 verbositate
2007 2566 2046 2631 et
2057 2578 2177 2662 saepe

564 2698 705 2781 critica
724 2714 867 2780 carent
889 2726 1038 2798 manu,
1073 2696 1352 2781 nibilominus
1372 2714 1536 2795 tamen,
1570 2698 1657 2779 sivo
1683 2714 1837 2808 spectes
1865 2696 2178 2811 diligentissime

563 2845 863 2930 accumulatam
894 2874 1037 2929 rorum
1066 2850 1229 2959 copiam
1257 2875 1486 2958 earumque
1514 2849 1774 2947 varietatem,
1804 2849 1890 2928 sive
1914 2845 2178 2931 nitidissimas

564 3013 758 3080 naturam
773 2993 1028 3113 aemulantes
1043 2998 1201 3097 icones,
1231 2998 1466 3080 in‘summo
1489 2998 1621 3107 pretio
1642 2993 1833 3079 habenda
1853 3014 1962 3080 sunt
2020 2996 2178 3080 Omnes

565 3143 720 3228 herbae
735 3142 982 3256 petrel'aotae
1006 3144 1057 3226 ab
1080 3175 1128 3227 eo
1145 3143 1371 3257 Phytolithi
1394 3146 1690 3242 nominantur,
1719 3144 1913 3255 aquibus
1933 3146 2013 3227 rite
2036 3143 2178 3228 Litho-

566 3293 720 3407 phytae
736 3292 1070 3407 distinguendae,
1101 3324 1185 3407 quo
1201 3297 1376 3379 nomine
1392 3321 1563 3406 corpora
1578 3294 1740 3374 ruarina
1762 3290 1915 3403 plantis
1934 3290 2085 3376 similia
2108 3292 2178 3375 de-

565 3443 795 3558 signantur.
845 3440 1010 3526 Herbae
1024 3446 1131 3526 saxis
1145 3446 1381 3556 impressae,
1401 3445 1624 3556 praecipue
1641 3468 1691 3525 ex
1706 3438 1862 3524 filicum
1878 3440 2048 3543 familia,
2070 3442 2178 3554 Phy-

692 3782 903 3841 gengrnupen
921 3782 983 3820 oon
1001 3760 1231 3840 Franlrenberg
1253 3762 1286 3821 in
1307 3759 1443 3821 Hersen.
1473 3760 1584 3819 Berlin
1603 3756 1693 3818 1760.
1739 3759 1850 3820 Confer.
1866 3758 1992 3821 ll'alcb's
2015 3761 2178 3839 Naturge·

693 3879 907 3939 sobicltteder
927 3878 1227 3959 Verstcinerungen.
1254 3880 1322 3940 III.
1347 3879 1438 3940 1771.
1462 3874 1553 3959 p.25.

635 3994 671 4081 ¹)
693 3998 919 4079 Oryctographia
934 4001 1039 4058 llelret.
1062 3994 1172 4079 p.238.

630 4109 668 4197 2)
689 4118 762 4175 Hist.
776 4129 832 4175 nat.
846 4117 957 4175 llassiae
971 4116 1048 4175 inser.
1070 4139 1100 4195 p.
1108 4112 1159 4175 35.
1182 4116 1254 4176 Tab.
1262 4117 1298 4176 V.
1320 4110 1375 4175 u.5
1387 4112 1453 4175 aab.

633 4229 671 4315 8)
692 4235 862 4313 Suppelleel.
871 4235 958 4312 lapid.
973 4235 1071 4294 Index.
1091 4232 1180 4314 pat.

631 4348 669 4435 ⁴)
693 4354 771 4413 Ceut.
784 4354 808 4411 l.
823 4352 902 4431 epist.
915 4352 1033 4412 itinerar.
1057 4348 1145 4432 p.39.
1377 4427 1380 4431 A

634 4464 671 4555 ⁵)
691 4471 763 4532 Aeta
776 4470 1023 4550 physico-medica
1038 4470 1126 4532 Acad.
1141 4474 1218 4533 Caes.
1234 4474 1390 4552 Leop.Car.
1404 4473 1470 4533 Nat.
1482 4472 1549 4531 Cur.
1573 4471 1731 4530 tntilli.
1754 4491 1783 4548 p.
1791 4462 1864 4529 448.
1891 4462 1980 4528 1748.

634 4586 671 4675 ⁶)
692 4590 760 4650 Die
777 4587 1045 4668 Franlenberger
1067 4589 1358 4670 Versteinerurrgen
1383 4590 1474 4651 nebst
1494 4591 1595 4650 iliram
1620 4588 1827 4668 Ursprunge,
1857 4607 1919 4648 von
1935 4586 1965 4647 J.
1980 4586 2018 4647 G,
2039 4587 2180 4661 Waldin,

692 4708 864 4791 Professor
876 4727 920 4766 zu
934 4704 1105 4786 Marburg.
1127 4704 1193 4767 Mu
1206 4706 1227 4766 2
1239 4706 1342 4791 Kupff.
1365 4702 1396 4768 4.
1420 4708 1450 4768 S.
1460 4704 1511 4768 32.
1535 4704 1700 4783 Morburg
1717 4704 1809 4765 1778.

634 4824 671 4909 ⁷)
693 4825 760 4885 Die
773 4822 1069 4901 Naturgesclzicbte
1082 4822 1141 4883 der
1155 4822 1182 4883 V
1181 4825 1447 4903 ersteinernngen
1458 4843 1521 4884 zur
1533 4822 1761 4901 Eriduterung
1774 4822 1832 4882 der
1844 4820 2050 4883 Kaorrschen
2060 4821 2182 4881 Samm-

694 4942 815 5019 lungen
827 4960 889 4999 von
904 4938 1234 5019 Merkwiirdigkeiten
1248 4942 1306 5003 der
1318 4943 1441 5019 Natur,
1464 4944 1615 5021 heransg.
1630 4960 1692 5000 von
1702 4938 1779 5000 LE.
1790 4938 1820 4999 J.
1839 4940 1964 5000 Walcb.
1988 4938 2111 4999 I-IV.
2125 4937 2181 4998 ra.

694 5060 734 5121 N
732 5058 873 5139 drnberg
887 5052 1104 5123 1768-1774.
1129 5060 1256 5139 (Confer.
1268 5062 1394 5143 Goppert
1410 5060 1607 5143 diafossilen
1618 5058 1874 5120 Farrnlrrci'uter.
1898 5070 1931 5137 p.
1940 5052 2078 5119 30-34.
2151 5044 2159 5061 ’
