4842 6159
533 528 541 547 ·
600 495 646 563 dc
661 488 833 587 floribus
861 490 900 559 in
927 498 1028 559 stotrr'
1043 488 1183 580 fossili
1209 492 1476 563 commentatio.
1782 490 1860 567 649

240 728 453 826 dissentit,
482 724 758 824 contendens,
786 750 955 807 succum
970 725 1143 806 materia
1157 721 1319 836 lapidea
1333 741 1561 809 scatentem
1574 726 1620 809 in
1636 752 1859 837 corporum

238 878 535 991 organicorum
546 902 668 987 poros
682 890 807 985 atque
820 873 1041 983 interstitia
1049 890 1283 985 penetrare,
1297 903 1346 957 ac
1358 873 1513 959 deinde
1525 875 1574 960 in
1589 873 1745 987 lapides
1758 901 1860 958 con*
1954 861 1974 893 χ

240 1053 433 1112 crescere.

353 1170 568 1257 Gabriel
597 1169 873 1283 Fallopius,
910 1168 1095 1252 Medicus
1120 1166 1386 1269 clarissimus,
1414 1197 1558 1254 rerum
1586 1170 1856 1284 physicarum

238 1354 289 1407 ac
309 1319 702 1434 mineralchcarurn
724 1320 963 1434 cognitione
983 1319 1181 1432 insignis
1194 1320 1302 1403 circa
1320 1318 1506 1403 medium
1521 1320 1733 1405 saeculum
1746 1321 1858 1406 deci-

239 1500 359 1556 mum
380 1488 544 1555 sextum
564 1467 616 1552 d'e
636 1467 815 1553 metallis
831 1481 874 1551 et
894 1466 1096 1551 fossilibus
1118 1465 1244 1550 libros
1264 1467 1464 1550 undecim
1485 1472 1746 1582 conscripsit3
1781 1473 1857 1581 qui

238 1635 328 1729 post
342 1616 505 1701 obitum
520 1616 696 1699 auctoris
710 1643 787 1726 per
806 1611 1060 1698 Andream
1084 1611 1447 1697 Marcellinum
1468 1614 1858 1725 FerestremVe·

238 1768 364 1851 netiis
377 1793 492 1850 anno
509 1762 621 1847 1564
634 1767 744 1877 typis
760 1764 899 1848 excusi
912 1761 1160 1875 prodierunt
1180 1761 1233 1878 ¹).
1270 1760 1388 1846 Idem
1404 1791 1493 1847 non
1507 1762 1642 1848 solum
1657 1762 1859 1851 differen-

238 1919 314 1999 tias
334 1918 448 1999 inter
458 1915 680 2027 petrefacta
703 1933 743 1999 et
756 1917 869 1999 inter
887 1911 1044 2023 lapides
1063 1914 1111 1995 in
1132 1911 1386 1997 animalibus
1401 1932 1518 1997 natos
1533 1914 1642 1999 clare
1658 1921 1858 2028 exposuit,

236 2060 447 2147 sedetiam
463 2078 689 2173 utrumque
700 2087 831 2176 genus
843 2089 868 2144 a
881 2058 1054 2172 reliquis
1070 2057 1288 2170 lapidibus,
1301 2061 1548 2173 quibuscum
1565 2062 1619 2145 ad
1630 2061 1736 2148 illud
1749 2082 1857 2149 tern-

237 2241 315 2326 pus
334 2209 718 2309 confundebantur,
749 2210 858 2293 bene
878 2211 1097 2321 separavit.

351 2358 579 2443 Andreas
608 2354 962 2469 Caesalpinus‚
999 2355 1214 2454 Cretinuo,
1249 2353 1435 2439 Medicus
1462 2355 1598 2466 Papae
1626 2356 1856 2443 Clementis

237 2504 356 2593 VIII.
371 2505 422 2591 de
437 2505 612 2589 metallis
633 2503 761 2589 libros
778 2521 861 2587 tres
883 2501 1014 2587 edidit
1035 2530 1149 2587 anno
1166 2502 1297 2604 1602,
1325 2505 1373 2589 in
1389 2504 1541 2616 quibus
1555 2507 1693 2616 primo
1710 2506 1856 2596 Cala·

237 2658 385 2741 mitae
405 2656 497 2737 veri
511 2651 814 2739 describuntur.
1695 2632 1699 2637 ’

349 2803 572 2915 Specimen
588 2804 773 2914 primum
789 2799 1141 2914 Oryctographiae
1155 2802 1420 2913 germanicae
1434 2799 1714 2886 debemusVa
1725 2803 1855 2890 lerio

234 2948 398 3035 Cordo
423 2949 488 3066 ²),
517 2951 592 3061 qui
611 2950 849 3033 Germanus
869 2950 1042 3032 natione
1064 2947 1224 3032 Romae
1250 2946 1469 3032 defunctus
1490 2964 1568 3046 est,
1597 2947 1852 3033 annotatt.

234 3100 392 3184 Veram
410 3098 514 3213 ligni
528 3096 774 3180 bituminosi
791 3098 1005 3211 (Braun-
1027 3096 1143 3182 oder
1156 3096 1425 3209 Erdlrolrle)
1445 3097 1653 3210 originem
1669 3127 1716 3181 ac
1731 3116 1854 3185 natu-

232 3277 323 3334 ram
344 3246 459 3331 idem
475 3248 561 3329 iam
577 3247 744 3358 penitus
758 3260 1034 3356 perspexerat.

348 3398 437 3483 Nec
450 3395 637 3494 defuere,
667 3396 741 3507 qui
755 3394 859 3479 sacta
873 3411 914 3477 ct
929 3393 980 3477 ab
995 3390 1170 3476 laudatis
1190 3409 1231 3476 et
1252 3390 1305 3475 ab
1327 3390 1419 3477 aliis
1434 3393 1576 3479 multis
1590 3398 1693 3481 viris
1713 3395 1853 3482 claris·

231 3548 347 3631 simis
369 3544 493 3660 (quos
507 3544 577 3629 hic
595 3572 742 3628 omnes
763 3546 987 3629 nominare
1008 3540 1330 3654 scriptiunculae
1350 3545 1457 3627 ratio
1477 3545 1607 3662 vetat)
1630 3551 1850 3660 proposita,

231 3697 489 3812 argumentis
505 3713 545 3777 et
559 3697 777 3779 ratiocinio
793 3692 999 3807 explicare
1014 3711 1053 3777 et
1068 3693 1341 3805 comprobare
1355 3714 1619 3781 conarentur.
1647 3695 1766 3781 Inter
1779 3696 1853 3783 bos

231 3841 528 3930 Alexander
551 3840 611 3928 ab
634 3842 925 3927 Alexandro
953 3842 994 3959 ³)
1018 3860 1059 3927 et
1081 3842 1431 3927 Fracastorins
1453 3862 1627 3931 testante
1647 3846 1852 3932 Torello

231 3994 353 4077 Sara
360 4019 459 4104 yna
481 3990 525 4107 4)
550 3989 820 4091 nominandi,
849 3992 925 4102 qui
947 3989 998 4073 de
1018 4018 1115 4075 vera
1136 3989 1456 4102 petrefactorum
1470 3996 1633 4110 origine
1649 3995 1759 4080 haud
1774 3995 1852 4080 du-

299 4302 335 4389 ¹)
357 4308 461 4367 Extant
475 4330 538 4368 vero
557 4310 641 4369 etiam
660 4311 689 4370 in
707 4286 829 4391 Ilallopii
846 4312 986 4392 Operibus
1004 4312 1176 4373 coniunctim
1192 4312 1274 4371 editis
1291 4310 1421 4371 Francos.
1436 4301 1558 4371 1684511
1574 4312 1625 4374 fot.
1643 4326 1670 4373 et
1687 4314 1804 4397 quidem
1821 4317 1849 4377 in

358 4428 451 4487 Tract.
465 4428 523 4485 III.

298 4556 334 4642 2)
356 4562 447 4622 Valer.
469 4562 555 4622 Cordi
574 4562 671 4624 adnot.
691 4564 720 4623 in
739 4565 850 4626 Pedocii
868 4566 1026 4627 Dioscorid.
1045 4579 1098 4627 etc.
1142 4565 1227 4645 Sylva
1243 4587 1302 4648 qua
1321 4586 1411 4627 rernm
1428 4564 1567 4627 sessilium
1585 4568 1615 4627 in
1632 4569 1782 4632 Germania
1797 4585 1850 4634 etc.

361 4673 453 4739 1651.
476 4679 527 4739 fol.
549 4700 579 4758 p.
588 4677 661 4740 221.
706 4684 847 4756 „Radices
860 4683 991 4745 arborum
1005 4685 1034 4744 in
1052 4686 1112 4764 ipsa
1125 4696 1194 4745 terra
1209 4684 1238 4743 in
1250 4681 1383 4743 carbones
1394 4697 1529 4745 crematae
1543 4698 1571 4745 et
1583 4687 1725 4765 redactae,
1745 4712 1852 4751 eruun-

357 4810 402 4858 tur
414 4798 485 4858 iuter
498 4800 629 4861 Culmam
643 4812 671 4859 et
683 4801 800 4881 Egeram
812 4802 946 4862 urbem.“

298 4926 335 5014 ³)
354 4930 512 4995 Alexander
526 4932 561 4992 ab
574 4933 734 4995 Alexandro
746 4935 865 5017 geniales
877 4936 935 4998 dies
951 4948 1003 4999 etc.

296 5062 336 5149 4)
357 5068 486 5128 Bonnani
500 5070 629 5128 Murcum
642 5068 858 5130 Kircheriannm
880 5092 910 5149 p.
919 5068 997 5142 1983
1041 5074 1115 5133 Mus.
1128 5071 1269 5133 Moscardi
1290 5092 1320 5151 p.
1330 5069 1407 5142 1723
1450 5072 1696 5133 Muecucaolarii
1718 5068 1828 5153 plot.
