4842 6159
576 506 622 571 dc
637 501 808 598 floribus
834 504 874 574 in
900 516 1001 575 statu
1017 504 1158 598 fossili
1183 512 1451 582 commentatio.
1768 511 1844 587 559

218 732 477 847 totypolithi,
506 732 603 818 folia
617 734 855 847 patrefacta,
886 763 994 847 quae
1009 736 1261 853 plerumque
1276 769 1372 825 cum
1388 762 1625 827 nostrarum
1641 744 1840 827 arborum

218 884 326 969 foliis
342 886 603 968 conveniunt
618 885 872 970 Lithobibiia
886 914 958 971 seu
975 886 1223 989 Bibliolithi,
1253 891 1482 978 arundines
1497 892 1744 1006 petrefaotae
1759 893 1840 978 Ca-

218 1033 386 1119 lamitae
409 1031 476 1117 vel
497 1033 791 1136 Lithocalami,
827 1035 982 1120 fructus
1004 1036 1238 1149 Carpolithi
1257 1032 1530 1152 appellantur.
1594 1042 1736 1127 Floras
1755 1042 1841 1158 (ty-

217 1179 396 1295 polithos
410 1179 584 1298 florum)
606 1184 654 1266 in
676 1182 826 1267 schisto
847 1202 1049 1296 repertos,
1082 1213 1263 1298 quorum
1286 1186 1678 1290 Scheuchzerus,
1708 1187 1840 1273 Leh-
1923 1173 1925 1176 ⁵

217 1358 452 1432 mannus,
476 1328 845 1433 Volkmannus,
866 1330 1057 1444 Mylius
1080 1352 1119 1417 et
1144 1333 1368 1448 Langius
1389 1339 1651 1421 mentionem
1668 1338 1839 1441 faciunt,

217 1483 264 1563 iu
289 1476 467 1563 dubium
486 1495 615 1561 vocat.
674 1480 823 1592 Neque
843 1508 1088 1595 quenquam
1109 1481 1234 1566 huius
1261 1486 1324 1567 rei
1352 1486 1520 1568 miratio
1541 1485 1682 1568 subire
1702 1490 1839 1598 possit,

216 1655 349 1739 quum
366 1627 633 1710 tenuissimae
651 1628 736 1711 sint
750 1644 998 1729 structurae,
1028 1658 1135 1741 quae
1150 1633 1230 1713 cito
1243 1649 1396 1742 pereat.

332 1773 459 1858 Paulo
474 1790 563 1885 post
578 1772 872 1877 Wcrnerus,
898 1775 1096 1889 reliquias
1111 1806 1335 1891 corporum
1349 1781 1644 1893 organicorum
1659 1778 1713 1865 ad
1729 1782 1839 1865 anti-

215 1927 413 2036 quissima
430 1923 640 2039 geologiae
663 1922 912 2010 documenta
932 1930 1165 2040 pertinere,
1194 1932 1250 2013 ita
1267 1948 1313 2013 ut
1328 1960 1378 2013 ex
1393 1931 1445 2013 iis
1458 1947 1681 2013 stratorum
1694 1934 1838 2043 singu-

215 2073 351 2157 lorum
375 2091 553 2158 aetatem
576 2072 752 2159 delinire
770 2078 914 2189 possis,
944 2096 1085 2190 aperte
1106 2077 1424 2181 demonstravit,
1455 2108 1537 2192 qua
1559 2078 1748 2165 doctrina
1770 2108 1837 2165 re-

215 2248 314 2305 vera
334 2220 385 2305 ad
406 2250 554 2305 omnes
573 2224 771 2307 scientiae
789 2240 975 2336 posterae
998 2229 1143 2309 aetatis
1161 2253 1397 2340 progressus
1417 2225 1761 2329 fundamentum,
1789 2247 1836 2313 ut

213 2372 277 2456 ita
297 2369 450 2470 dicam,
486 2372 594 2455 iecit.
652 2371 862 2457 Maximae
887 2372 1060 2457 fuerunt
1087 2373 1234 2459 eodem
1263 2373 1352 2458 fere
1377 2392 1566 2486 tempore
1593 2373 1835 2459 Blumcn-

163 2554 167 2565 ·
216 2517 390 2604 bachii
418 2518 459 2637 ¹)
487 2519 714 2605 felicissimi
732 2524 855 2607 totius
876 2522 1070 2608 historiae
1091 2523 1292 2607 naturalis
1312 2521 1497 2625 cultoris,
1527 2543 1567 2608 et
1586 2527 1633 2609 in
1657 2528 1836 2637 patrefa-

214 2686 375 2753 ctorum
389 2672 552 2784 origine
567 2670 809 2755 extricanda
823 2690 947 2782 atque
962 2670 1200 2758 definienda
1217 2701 1356 2774 curae,
1387 2672 1538 2786 quibus
1559 2676 1741 2759 evictum
1763 2695 1834 2777 est,

213 2816 332 2929 plura
346 2816 547 2901 animalia
564 2816 712 2902 fossilia
728 2816 840 2902 haud
855 2818 1178 2935 degeneravisse,
1208 2824 1272 2904 uti
1294 2820 1564 2905 Buffonius
1581 2820 1625 2937 2)
1641 2841 1834 2925 senserat,

211 2965 283 3049 sed
302 2965 422 3049 hasce
441 2965 595 3049 formas
615 2969 778 3077 primae
798 2970 1117 3081 organisationis
1144 2996 1261 3052 nunc
1279 2970 1457 3051 omnino
1480 2997 1564 3052 esse
1586 2966 1831 3081 deperditas.

211 3116 274 3202 Cl.
295 3119 361 3202 vir
382 3118 509 3200 etiam
533 3112 758 3199 nonnullas
780 3112 832 3197 ad
851 3111 972 3198 flores
993 3112 1145 3199 fossiles
1165 3113 1280 3198 dedit
1300 3114 1525 3227 symbolas:
1558 3144 1602 3199 se
1620 3118 1760 3229 ipsum
1782 3120 1830 3202 iu

210 3262 359 3349 schisto
379 3262 641 3377 Oeniugensi
666 3259 787 3345 flores
807 3261 1058 3345 Ranunculo
1086 3262 1253 3346 cuidam
1280 3261 1435 3347 similes
1463 3262 1696 3347 observasse
1723 3295 1830 3351 assa-

209 3417 297 3497 ruit
317 3412 377 3530 ³),
406 3430 551 3497 contra
567 3441 665 3495 vero
682 3411 1033 3527 elegantissimum
1049 3414 1207 3495 succini
1220 3414 1448 3523 specimen,
1477 3415 1545 3496 cui
1557 3412 1830 3528 grandiuscu-

210 3562 299 3647 lum
315 3580 475 3646 stamen
493 3558 777 3676 (filamentum
789 3589 885 3643 cum
900 3559 1110 3643 insidente
1124 3562 1203 3672 ipsi
1216 3560 1411 3676 anthera)
1425 3563 1574 3660 inerat,
1590 3559 1701 3673 quod
1717 3561 1829 3645 Rei-

209 3737 377 3794 marus
404 3707 617 3821 quondam
640 3709 845 3793 Professor
865 3710 1149 3825 Gottiugensis
1170 3713 1219 3793 iu
1242 3738 1384 3793 museo
1406 3738 1481 3793 suo
1500 3711 1828 3812 servabat,non

207 3886 287 3972 pro
300 3858 487 3977 genuino
501 3859 670 3941 succino
683 3858 751 3943 sed
767 3886 843 3971 pro
858 3856 1014 3971 Copalo
1027 3857 1172 3942 saltem
1186 3857 1341 3942 habere
1355 3860 1491 3971 potuit
1513 3856 1571 3973 4).

276 4126 313 4213 ¹)
335 4125 463 4187 Dossen
480 4125 665 4187 Handbuclz
680 4126 739 4186 der
757 4126 1053 4205 Naturgcsclriclztc
1074 4127 1131 4187 mit
1148 4124 1310 4210 Kuffem.
1335 4125 1520 4206 Giittingcn.
1543 4127 1573 4197 8.
1601 4128 1693 4192 1779.
1720 4130 1779 4193 ru.
1793 4131 1826 4193 2.

337 4240 429 4304 1780.
453 4243 484 4304 S.
495 4243 568 4320 222,
581 4239 653 4319 225,
667 4235 740 4305 248.
770 4238 800 4305 3.
809 4244 912 4323 Ausg.
935 4242 1021 4305 Go'tt.
1039 4242 1132 4304 1788.
1176 4242 1347 4323 Gottinger
1365 4241 1535 4323 Magozin,
1558 4245 1752 4327 hcrausgcg.
1764 4268 1827 4310 von

335 4361 551 4442 Lichtenberg
562 4362 631 4423 und
643 4361 782 4425 Forstcr.
805 4362 918 4442 Jahrg.
935 4362 963 4423 I.
991 4360 1082 4424 1780.
1106 4359 1190 4425 816.
1213 4362 1243 4423 S.
1254 4354 1330 4425 477.
1373 4362 1457 4424 Cous.
1471 4366 1555 4425 etiam
1572 4368 1611 4427 tt.
1623 4368 1657 4427 E.
1669 4370 1706 4429 H.
1717 4389 1743 4429 v.
1756 4369 1832 4429 Hoff

336 4480 589 4560 Erinnerungen
602 4502 648 4541 an
658 4480 902 4541 Blumenbaclz’s
919 4480 1088 4541 Vcrdienst
1108 4502 1162 4540 um
1176 4482 1229 4541 dic
1244 4480 1394 4560 Geologic
1412 4478 1466 4541 bei
1479 4481 1538 4542 der
1555 4478 1749 4564 50jdl1rigcn
1765 4484 1825 4546 Ju-

335 4597 470 4682 belfcicr
482 4601 587 4659 seinos
598 4598 772 4661 Lclsromts
786 4620 840 4660 am
855 4593 908 4661 24.
921 4599 1071 4661 Februar
1084 4597 1178 4661 1826.

276 4713 313 4799 ²)
334 4719 384 4775 Las
396 4717 528 4800 Epoques
540 4719 574 4778 de
585 4719 612 4778 la
626 4730 729 4779 nature.
752 4721 813 4780 Par.
823 4716 914 4780 1789.
926 4716 1039 4779 211111.
1061 4715 1117 4779 Th.
1126 4721 1151 4779 1.
1163 4740 1194 4798 p.
1201 4712 1431 4795 28,30,51‚53.
1442 4715 1592 4796 177,185.
1615 4721 1673 4784 Th.
1680 4724 1722 4785 11.
1736 4720 1826 4805 p.6t.

276 4828 314 4917 8)
335 4834 432 4894 Eiusd.
450 4835 573 4913 Spacim.
587 4833 737 4897 Archaeol.
754 4837 869 4897 telluris.
898 4830 1132 4917 corung.1803.
1159 4858 1190 4916 p.
1201 4833 1232 4896 9.
1282 4838 1441 4898 Comment.
1458 4858 1512 4899 rec.
1526 4840 1630 4901 Socict.
1641 4842 1710 4923 ch.
1722 4844 1825 4904 Sciant.

334 4951 462 5034 Gotting.
483 4954 623 5014 votxv.
645 4949 919 5015 1111800-1808.

273 5062 313 5155 ⁴)
334 5070 431 5131 Eiusd.
443 5070 560 5152 specim.
572 5072 621 5131 alt.
643 5094 674 5151 p.
683 5068 733 5130 16.
777 5074 936 5133 Commeat.
949 5094 1002 5135 reo.
1015 5070 1104 5133 ainsd.
1115 5070 1211 5133 societ.
1238 5069 1321 5132 Anno
1334 5063 1512 5133 1814-15.
