4842 6159
665 1592 1089 1685 introductio
1146 1596 1486 1687 historico.

359 1890 492 2018 Inter
505 1960 571 2019 res
585 1951 626 2017 et
639 1932 917 2021 admiratione
932 1952 972 2019 et
987 1938 1219 2020 attentione
1234 1935 1494 2051 dignissimas
1505 1962 1679 2047 corpora
1692 1939 1887 2051 organica

270 2082 318 2165 in
340 2077 496 2192 lapides
517 2108 733 2183 conversa,
763 2111 871 2195 quae
896 2083 1167 2201 petrerfacta
1194 2081 1459 2196 appellarunt
1479 2086 1750 2182 recentiores,
1778 2084 1887 2167 refe-

269 2227 402 2312 renda
417 2258 513 2330 esse,
526 2258 652 2315 nemo
667 2230 788 2316 facile
802 2233 981 2347 negabit.
1039 2234 1453 2346 Antiquissimisiam
1466 2233 1724 2346 temporibus
1738 2233 1887 2319 diluci-

272 2376 421 2461 dandis
451 2380 503 2462 iis
534 2397 660 2493 atque
690 2380 961 2467 enucleandis
993 2385 1261 2497 cogitationes
1294 2408 1551 2494 operamque
1582 2380 1887 2494 impenderunt

272 2552 413 2610 rerum
436 2527 692 2612 naturalium
714 2532 876 2615 curiosi.
938 2528 1064 2642 Apud
1085 2531 1267 2615 Graecos
1285 2527 1542 2629 Aristoteles,
1570 2527 1888 2642 Theophrastus,

271 2670 516 2774 Herodotus,
574 2675 814 2778 Pausanias,
872 2676 1215 2791 Olympiodorus,
1273 2678 1562 2792 Xenophanes
1590 2677 1888 2791 Colophonius,

272 2820 437 2921 Strabo,
484 2822 739 2936 Pomponius
766 2824 892 2926 Mela,
936 2825 1248 2926 Eratosthenes,
1291 2826 1490 2911 Xanthus
1519 2824 1695 2939 Lydius,
1741 2825 1888 2910 Strato.

273 2968 397 3082 Apud
420 2970 632 3055 Romanos
660 2972 854 3075 Ovidius,
890 2972 1066 3076 Plinius,
1100 2977 1216 3061 inter
1234 2994 1371 3089 patres
1394 2974 1586 3059 ecclesiae
1606 2972 1888 3058 Tertullianus

272 3145 416 3203 veram
436 3118 757 3231 patrefactorum
780 3140 974 3207 naturam
995 3123 1124 3237 probe
1147 3123 1451 3211 intellexerunt
1471 3126 1756 3209 coniecturam
1777 3122 1888 3207 hanc

273 3262 484 3363 iacientes,
513 3283 559 3348 ut
572 3267 793 3377 patrefacta
808 3266 918 3352 haud
933 3298 1028 3354 casu
1042 3269 1225 3382 quodam
1240 3288 1311 3354 aut
1324 3268 1507 3354 ludibrio
1522 3287 1696 3354 naturae
1709 3268 1888 3355 formata

274 3439 463 3525 corpora,
492 3411 562 3495 sed
577 3440 722 3498 revera
736 3413 838 3498 olim
854 3418 950 3499 viva
969 3434 1132 3529 postero
1154 3436 1342 3529 tempore
1361 3421 1407 3501 in
1432 3415 1589 3530 lapides
1611 3435 1769 3503 mutata
1792 3446 1888 3517 esse,

274 3559 471 3645 dicerent
529 3560 747 3663 Plinius,
778 3565 853 3675 qui
871 3567 1035 3666 omnia,
1063 3594 1171 3678 quae
1185 3583 1288 3650 tunc
1301 3568 1500 3677 temporis
1514 3564 1566 3648 de
1580 3565 1704 3651 rebus
1717 3583 1888 3649 natura-

275 3709 383 3795 libus
403 3728 500 3794 nota
522 3729 660 3811 erant,
695 3713 743 3796 in
766 3710 893 3796 libros
910 3740 1002 3798 suos
1023 3733 1226 3827 tauquam
1245 3717 1294 3797 in
1316 3712 1515 3797 horreum
1540 3711 1721 3829 collegit,
1748 3712 1888 3827 plura,

147 3848 152 3857 “
275 3885 383 3969 quae
404 3854 486 3941 huc
505 3877 708 3970 spectant,
743 3880 1061 3963 commemorat,
1096 3890 1353 3975 corporaque
1372 3862 1597 3946 incrustata
1620 3862 1889 3946 strationem

277 4034 359 4119 qua
387 4009 620 4121 gignuntur
643 4026 682 4121 ot
709 4008 935 4094 Dendritas
960 4012 1118 4122 optime
1144 4012 1282 4111 novit;
1321 4006 1600 4093 nihilominus
1626 4036 1724 4093 vera
1751 4027 1889 4120 petre-

276 4154 381 4239 facta
395 4185 420 4239 a
433 4153 541 4239 falsis
554 4155 620 4240 vel
635 4157 687 4241 ab
702 4156 795 4259 illis,
818 4187 926 4270 quae
941 4158 1250 4244 eorumfaciem
1263 4175 1429 4241 tantum
1443 4159 1720 4257 mentiuntur,
1741 4156 1889 4243 distin-

276 4332 403 4420 guere
425 4308 635 4418 nequivit,
662 4310 720 4391 ita
741 4326 787 4391 ut
808 4308 993 4422 plurima
1012 4337 1108 4393 casu
1131 4305 1315 4420 quodam
1336 4323 1500 4390 tantum
1521 4324 1619 4390 nata
1641 4304 1792 4391 fossilia
1813 4335 1889 4421 pro

278 4456 387 4539 veris
405 4455 702 4571 vegetabilibus
722 4462 943 4572 acceperit,
972 4490 1018 4545 ac
1029 4463 1064 4544 si
1079 4491 1126 4547 ea
1142 4458 1368 4573 petrificata
1382 4458 1551 4544 fuerint
1609 4458 1730 4562 Quae
1745 4464 1890 4547 omnia

279 4605 405 4687 etiam
419 4607 454 4688 si
468 4607 635 4717 penitus
648 4609 832 4721 inspecta
850 4626 891 4695 et
911 4609 1041 4723 probe
1055 4607 1264 4693 intellecta
1278 4624 1428 4708 essent,
1457 4623 1600 4692 tamen
1619 4611 1891 4725 perexiguam

281 4770 465 4855 tantum,
492 4758 626 4840 immo
639 4756 805 4843 fortasse
818 4756 980 4844 nullam
997 4776 1161 4843 nostrae
1174 4759 1298 4841 aetati
1312 4755 1485 4841 allatura
1501 4774 1635 4841 essent
1649 4757 1889 4863 utilitatem3

281 4902 556 5015 quamobrem
571 4903 649 4989 hac
663 4904 715 4991 de
728 4935 776 4991 re
790 4905 1181 4991 commentariolum
1200 4903 1382 4991 scribere
1396 4931 1485 4990 non
1500 4904 1666 5019 placuit

1471 5187 1494 5227 ἢ
