4842 6159
598 512 644 579 de
660 506 832 605 floribus
860 508 899 578 in
925 519 1026 576 statu
1042 504 1179 600 fossili
1205 507 1472 579 commentatio.
1785 506 1862 585 655

240 739 315 827 illo
330 739 433 827 inde
447 758 635 855 tempore
650 768 779 825 nemo
793 736 881 825 iere
894 740 1049 823 iterum
1064 736 1611 853 eaminmediumproierre
1624 740 1863 860 auderet1).

238 890 444 1004 Inprimis
476 919 575 975 vero
611 919 633 974 a
678 886 1029 974 Scheuchzero
1074 914 1183 971 nova
1217 890 1415 974 scientiae
1450 888 1635 975 conditio
1669 892 1864 976 nascitur.

236 1040 391 1127 Omnis
415 1060 549 1125 tarrae
571 1040 816 1123 mutationis
836 1037 995 1121 fontem
1018 1038 1065 1120 in
1088 1032 1257 1119 diluviis
1276 1066 1501 1149 quaerens,
1536 1039 1598 1124 illi
1619 1040 1863 1127 diluvianae

237 1188 537 1300 catastropbae,
568 1216 675 1300 quae
689 1184 921 1271 secundum
934 1186 1085 1297 scripta
1099 1211 1213 1267 sacra
1230 1186 1413 1269 maxima
1428 1186 1506 1270 fuit
1522 1190 1729 1288 omnium,
1759 1216 1862 1301 quas

237 1366 428 1451 unquam
444 1356 552 1421 terra
570 1354 738 1449 experta
755 1352 824 1435 est,
856 1351 967 1417 certe
983 1334 1166 1417 nimium
1183 1334 1383 1417 attribuit.
1442 1332 1564 1435 Quod
1580 1334 1698 1420 facile
1713 1363 1862 1420 conce-

238 1488 320 1589 des,
348 1490 385 1571 si
401 1486 558 1601 legeris,
589 1514 686 1571 eum
703 1482 981 1596 eplantarum
996 1482 1197 1566 fossilium
1212 1482 1412 1596 qualitate
1424 1486 1513 1597 ipsa
1527 1483 1580 1568 de
1596 1514 1749 1584 mense,
1777 1512 1861 1597 quo

238 1634 310 1721 illa
324 1652 477 1749 strages
492 1633 601 1718 edita
617 1636 669 1717 sit
691 1631 931 1751 (Noachum
954 1631 1006 1715 ab
1028 1659 1115 1715 uno
1130 1630 1241 1714 Maio
1262 1630 1315 1715 ad
1336 1631 1513 1717 alterum
1535 1632 1682 1751 [igitur
1695 1662 1771 1747 per
1785 1661 1861 1716 au·

239 1783 366 1901 num]
388 1786 436 1868 iu
453 1783 561 1867 Arca
576 1800 787 1867 moratum
803 1779 946 1896 luisse)
967 1782 1249 1865 coniecturam
1265 1779 1407 1866 fecisse
1424 1781 1481 1899 ²).

355 1930 631 2046 Vegetabilia,
649 1929 715 2013 vel
730 1928 1025 2044 vegetabilium
1041 1928 1224 2012 aemulas
1236 1930 1453 2044 imagines,
1471 1927 1702 2013 secundum
1716 1956 1862 2012 earum

239 2099 415 2166 aetatem
437 2084 482 2163 in
507 2098 589 2162 tres
603 2077 743 2161 divisit
756 2096 910 2190 partes:
939 2080 986 2161 in
1010 2076 1173 2190 plantas
1194 2074 1261 2159 vei
1282 2074 1430 2160 herbas
1450 2078 1860 2186 antediluvianas,
1938 2044 1945 2059 ο

239 2260 348 2344 quae
362 2248 460 2314 ante
474 2226 681 2311 diluvium
697 2229 908 2327 exstitere,
938 2227 1233 2333 diluvianas,
1263 2228 1308 2307 in
1326 2226 1414 2337 ipso
1429 2223 1588 2309 diluvio
1603 2224 1668 2309 vel
1683 2226 1862 2310 occasio-

244 2408 301 2464 ne
316 2382 420 2478 eius,
451 2406 500 2460 ao
520 2396 724 2488 tempore,
755 2403 838 2487 quo
853 2392 975 2458 strata
993 2376 1108 2457 fuere
1122 2373 1300 2457 formata
1315 2391 1354 2455 et
1368 2372 1638 2475 consolidata,
1667 2372 1862 2489 effigiatas

244 2522 349 2645 (quo
372 2534 566 2611 oriuntur
590 2524 819 2608 Dendritae
843 2527 984 2637 aisque
1007 2520 1190 2640 affines),
1221 2522 1453 2607 attendam
1474 2524 1522 2607 iu
1541 2524 1862 2640 postdiluvia-

244 2710 351 2786 nas,
383 2693 472 2790 post
493 2673 820 2759 inundationem
841 2671 958 2756 illam
980 2672 1148 2755 fatalem
1164 2669 1372 2784 lapidibus
1392 2673 1629 2785 impressas,
1657 2674 1791 2782 inque
1810 2670 1862 2753 iis

239 2824 435 2939 sepultas,
465 2852 549 2937 quo
569 2820 789 2907 referenda
809 2840 908 2905 sunt
927 2820 1023 2905 folia
1046 2820 1183 2933 tophis
1203 2823 1421 2932 impressa,
1452 2849 1559 2933 quae
1574 2818 1709 2903 adbuc
1724 2821 1861 2931 quoti·

240 2975 308 3058 die
328 2990 601 3089 generantur.

355 3122 571 3205 Eximium
592 3117 933 3201 Scbeuchzeri
955 3120 1003 3201 in
1018 3135 1154 3201 terrae
1168 3118 1408 3231 regionibus
1421 3116 1703 3202 describendis
1719 3143 1861 3200 exem-

241 3271 357 3385 plum
378 3270 577 3382 permulti
591 3286 765 3353 naturae
779 3286 1025 3352 scrutatores
1039 3271 1167 3351 secuti
1181 3288 1298 3367 sunt,
1327 3271 1385 3351 ita
1407 3286 1453 3351 ut
1470 3269 1590 3351 brevi
1605 3287 1696 3381 post
1711 3296 1861 3351 nume-

197 3454 200 3459 ·
239 3424 324 3506 rosi
339 3420 448 3520 libri,
479 3419 600 3533 vulgo
616 3417 971 3533 Oryctographiae
985 3416 1052 3502 vel
1067 3415 1389 3531 Lithograpbiae
1410 3419 1619 3529 inscripti,
1647 3419 1694 3501 in
1710 3418 1861 3529 quibus

241 3596 307 3651 res
328 3595 476 3651 omnes
498 3567 782 3649 tractabantur
805 3566 976 3666 fossiles,
1011 3570 1058 3650 in
1081 3564 1216 3649 lucem
1240 3563 1476 3649 ederentur.
1533 3564 1651 3648 Inter
1671 3594 1773 3678 quos
1792 3569 1861 3649 in-

242 3717 392 3828 primis
407 3715 581 3802 Silesin
597 3713 879 3829 subterranea,
893 3744 917 3798 a
932 3712 1253 3798 Volkmanno
1273 3713 1384 3824 typis
1398 3711 1561 3813 tradita,
1575 3715 1628 3797 ob
1645 3714 1862 3829 elegantis-

310 4021 346 4105 1)
368 4022 475 4105 Agrnen
492 4042 601 4097 eorum,
623 4023 675 4105 qui
691 4023 720 4081 in
733 4021 812 4082 hunc
830 4022 988 4083 inciderunt
1005 4042 1136 4096 errorem,
1148 4022 1268 4095 clandit,
1290 4021 1318 4081 ni
1331 4020 1425 4095 fallor,
1447 4023 1496 4082 iste
1511 4022 1718 4084 infelicissimus
1740 4025 1864 4085 Berin-

366 4162 482 4222 gerris,
504 4141 642 4203 Professor
655 4140 905 4223 wirceburgensis,
927 4142 979 4225 qui
994 4143 1023 4201 in
1037 4162 1118 4221 opere
1131 4141 1265 4223 singulari
1276 4160 1436 4222 magnoque
1447 4153 1544 4201 sumtu
1555 4142 1630 4201 edito
1644 4141 1863 4225 (Lithographia

368 4260 609 4339 wirceburgensis
626 4255 716 4318 1726.
739 4258 790 4319 sol.
813 4258 1016 4339 c.nb.xxl.)
1038 4261 1119 4340 plura
1139 4278 1258 4337 corpora
1274 4271 1331 4317 arte
1344 4258 1469 4341 quadam
1484 4257 1558 4319 sacta
1576 4260 1719 4336 describit,
1740 4262 1865 4323 ludenti·

369 4398 425 4459 que
437 4389 550 4437 naturae
562 4375 703 4451 attribuit,
724 4376 829 4457 quibus
846 4378 905 4458 ipse
923 4400 939 4437 a
957 4378 1046 4436 malae
1057 4376 1145 4457 frugis
1157 4375 1323 4435 bominibus
1334 4375 1451 4454 turpiter
1462 4375 1571 4435 delusus
1582 4390 1648 4437 erat.
1691 4380 1780 4455 Quod
1798 4402 1864 4441 curn

368 4508 432 4575 post
442 4494 547 4559 librum
563 4495 670 4555 editum
685 4496 857 4577 cognovisset
871 4497 1000 4571 deinum,
1020 4516 1085 4575 prae
1100 4495 1273 4576 aegritudine
1284 4494 1371 4554 animi
1387 4494 1416 4553 iu
1428 4495 1559 4555 morbum
1571 4496 1702 4558 lethalem
1713 4500 1822 4559 incidit.

309 4612 347 4693 2)
368 4614 476 4673 Invenit
490 4634 588 4692 nempe
600 4611 759 4687 Schistum,
781 4613 809 4671 in
826 4634 886 4695 quo
896 4615 989 4692 spicae
1002 4614 1108 4673 Hordei
1121 4614 1221 4673 similis
1233 4615 1323 4692 figura
1335 4633 1459 4691 expressa
1471 4625 1528 4673 erat
1541 4612 1665 4693 (testem,
1677 4618 1718 4677 uti
1732 4617 1784 4691 ait,
1798 4618 1866 4677 uni-

369 4732 478 4791 versalis
497 4731 687 4791 inundationis
700 4728 908 4806 authenticum,
930 4734 989 4791 imo
1007 4752 1062 4791 nou
1078 4728 1210 4790 historiae
1229 4731 1378 4801 dantum,
1397 4730 1447 4789 red
1462 4734 1595 4811 temporis
1613 4754 1730 4816 quoque
1746 4736 1866 4795 indicem

370 4848 550 4931 genuinum),
571 4870 659 4932 quam
676 4870 728 4929 pro
747 4850 824 4928 spica
836 4851 941 4910 Hordei
959 4850 1095 4910 dimidiae
1115 4849 1169 4909 sere
1188 4849 1368 4923 maturitatis,
1390 4849 1482 4930 qualis
1500 4847 1557 4909 boc
1573 4850 1603 4909 in
1620 4853 1757 4931 gramine,
1773 4854 1866 4912 medio

369 4966 424 5025 lere
438 4967 516 5026 Maio
529 4966 654 5045 conspici
668 4968 750 5041 solet,
771 4966 866 5027 habet.
911 4968 1004 5028 Simili
1018 4967 1105 5027 modo
1115 4990 1148 5027 ex
1160 4968 1355 5047 Lycopoditae
1364 4966 1511 5026 cuiusdam
1524 4970 1625 5047 specie,
1648 4991 1735 5051 quam
1747 4972 1784 5029 ad
1796 4972 1867 5029 iulos

370 5085 474 5163 Populi
492 5082 583 5158 refert,
604 5096 798 5165 argumentum
814 5107 866 5164 pro
879 5088 1059 5148 inundatione
1074 5088 1170 5147 maiali
1184 5088 1264 5166 petit.

1447 5200 1467 5237 e
