4842 6159
535 511 611 587 548
1166 503 1211 577 H.
1241 505 1283 577 R.
1313 501 1496 613 Gbrmnr,
1587 507 1593 515 '

648 740 893 855 Insequenti
920 757 1109 852 tempore
1133 765 1261 821 nemo
1286 734 1373 821 fere
1402 735 1725 820 Petrefactomm
1754 737 2018 818 mentionem
2047 732 2154 817 fecit.

536 891 706 976 Etenim
729 892 938 1004 plurimis,
980 892 1122 973 sinon
1144 886 1360 985 omnibus,
1403 912 1646 998 persuasum
1668 902 1773 983 erat,
1814 885 1962 968 omnia
1988 877 2153 980 fossilia,

535 1067 643 1152 quae
672 1036 919 1122 animalium
946 1035 1273 1150 plantarumque
1301 1032 1453 1152 effigies
1479 1032 1657 1131 ferrent,
1697 1030 1930 1116 ludibunde
1957 1048 2152 1114 naturam

535 1188 748 1287 formasse,
785 1216 925 1299 neque
947 1217 971 1271 e
992 1189 1101 1271 veris
1121 1187 1312 1297 viv-isque
1332 1164 1547 1295 qtmndam
1568 1181 1809 1293 corporibus
1832 1210 1881 1265 ea
1900 1182 2151 1293 provenisse.

535 1333 664 1417 Cuius
697 1338 930 1418 sententiae
965 1334 1057 1419 fons
1092 1336 1198 1446 quin
1233 1335 1281 1416 in
1312 1328 1540 1415 Aristotelis
1574 1328 1763 1412 doctrina
1796 1326 2152 1442 degeneratione

535 1484 779 1593 aequivoca,
810 1512 918 1595 quae
932 1510 1027 1567 cum
1041 1480 1302 1595 philosophia
1319 1482 1406 1563 eius
1425 1480 1514 1590 ipsa
1530 1503 1793 1589 peromnem
1807 1473 2004 1585 deinceps
2019 1473 2153 1561 Euro-

535 1659 635 1743 pam
658 1629 866 1745 divulgata
888 1648 964 1731 est,
994 1632 1142 1743 quaeri
1164 1628 1330 1727 debeat,
1361 1624 1557 1738 equidem
1579 1650 1669 1709 non
1691 1622 1853 1707 dubito:
1884 1624 2015 1707 Sicuti
2035 1628 2154 1708 enim

535 1781 691 1879 omnia,
706 1807 814 1891 quae
828 1780 991 1879 vivunt,
1007 1776 1123 1862 nullo
1135 1780 1308 1861 iuvante
1321 1778 1483 1859 semine
1497 1802 1574 1887 per
1587 1771 1716 1857 solam
1733 1790 1908 1857 naturae
1922 1774 2011 1856 vim
2026 1799 2153 1888 gene-

535 1929 730 2010 ratricem
752 1924 943 2037 produci,
974 1923 1121 2007 eodem
1135 1926 1262 2007 etiam
1278 1920 1402 2005 modo
1416 1920 1653 2042 Petrefactao
1663 1950 1778 2007 casu
1799 1922 1892 2003 sine
1910 1938 2028 2036 typo
2050 1917 2152 2020 fieri,

534 2090 745 2188 putarunt.
793 2070 932 2172 Quam
946 2073 1034 2154 vim
1049 2072 1353 2185 generatricem
1368 2071 1561 2152 Avicen
1572 2096 1634 2151 na
1647 2070 1906 2183 plasticam
1922 2085 1963 2150 ct
1977 2068 2153 2183 lapidi-

521 2222 682 2339 ficom
712 2198 1024 2304 ct'Albertus
1054 2219 1265 2334 Magnus
1292 2215 1429 2301 seculo
1458 2215 1620 2301 decimo
1644 2219 1767 2302 tertio
1795 2221 2023 2305 virtutem
2040 2217 2153 2333 sor·

536 2375 771 2459 motivam
793 2371 1082 2451 nominarunt.
1616 2381 1619 2386 ⁴

648 2549 735 2634 Illis
757 2549 1013 2661 temporibus
1034 2520 1321 2631 distinctiones
1341 2572 1508 2658 quoque
1529 2544 1716 2657 lapidum
1738 2546 1867 2632 factae
1886 2566 1984 2630 sunt
2005 2575 2153 2631 secun-

535 2699 638 2783 dum
668 2726 813 2782 eornm
842 2694 1019 2810 figuram
1047 2693 1115 2778 vel
1136 2696 1343 2805 picturam
1366 2691 1620 2793 naturalem,
1658 2722 1847 2778 necnon
1870 2696 2151 2779 ratiocinatio-

534 2876 610 2932 nes
637 2846 689 2929 de
715 2844 939 2929 virtutibus
968 2840 1173 2956 lapidum,
1210 2868 1441 2954 eorumque
1467 2870 1562 2926 cum
1591 2840 1853 2942 hominibus,
1886 2841 2151 2941 animalibus,

534 2990 711 3077 metallis
725 3010 764 3074 et
777 2990 931 3103 plantis
945 2988 1012 3074 vel
1025 2988 1262 3102 sympathia
1277 2987 1343 3073 vel
1363 2990 1608 3101 antipathia,
1630 3018 1737 3102 quae
1752 2992 1895 3073 omnia
1910 2989 2052 3074 sedulo
2068 2988 2152 3074 col-
2224 3070 2227 3074 ,

533 3137 633 3253 legit
653 3137 903 3222 Camillus
923 3135 1220 3221 Leonardus
1247 3139 1295 3219 in
1309 3136 1474 3249 speculo
1489 3165 1562 3227 suo
1577 3136 1764 3248 lapidum
1779 3164 1896 3221 anno
1913 3135 2036 3238 1502,
2061 3155 2108 3220 ut
2128 3166 2151 3221 e

534 3283 794 3369 dedicatione
817 3303 944 3397 patet,
979 3284 1211 3397 conscripto
1234 3283 1287 3400 ¹).
1339 3292 1345 3302 '

648 3466 792 3582 Longe
806 3465 978 3580 quidem
994 3495 1111 3551 suam
1124 3467 1337 3579 superavit
1352 3482 1527 3548 aetatem
1549 3466 1599 3548 G.
1620 3464 1857 3580 Agricola
1881 3466 1944 3583 ²),
1972 3468 2151 3555 Germa-

534 3644 631 3716 nus,
667 3618 775 3699 circa
801 3618 975 3699 initium
1002 3612 1154 3697 saeculi
1180 3612 1334 3696 decimi
1359 3615 1484 3712 sexti,
1513 3615 1724 3696 restitutor
1752 3631 1840 3697 tam
1865 3611 2151 3729 Metallurgiae

533 3752 1000 3879 quam‘Mineralogiae,
1029 3766 1104 3876 qui
1134 3764 1296 3878 egregie
1320 3760 1371 3845 de
1399 3758 1710 3874 petrificationis
1738 3790 1960 3875 corporum
1987 3765 2150 3848 ratione

598 4120 635 4208 ¹)
657 4124 707 4184 Est
722 4144 802 4197 vero,
828 4132 893 4181 teste
908 4118 1043 4181 Wallerio
1065 4112 1111 4200 (v.
1124 4119 1182 4179 eius
1204 4115 1304 4178 histor.
1321 4117 1405 4203 litter.
1422 4117 1584 4196 mineralog.
1606 4138 1637 4196 p.
1653 4108 1713 4199 14)
1734 4094 1792 4175 hoc
1808 4115 1954 4194 speculum
1972 4114 2149 4194 alphabetico

658 4242 755 4301 ordine
767 4252 922 4311 exaratum,
931 4237 1008 4295 miris
1019 4237 1149 4315 lapidum
1163 4236 1325 4296 nominibus
1336 4235 1464 4295 refertum
1479 4257 1536 4295 uns
1546 4256 1611 4294 cum
1624 4235 1695 4295 Petri
1701 4233 1822 4294 Arlensis
1835 4236 1869 4294 de
1880 4214 2052 4313 Scudulapis
2061 4236 2150 4312 Sym-

656 4356 756 4437 pathia
771 4368 874 4433 septem
887 4357 1062 4414 metallorum
1080 4375 1113 4413 ac
1125 4368 1230 4433 septem
1244 4356 1408 4414 selectorum
1419 4353 1548 4432 lapidum
1560 4373 1612 4412 nec
1625 4374 1680 4412 non
1693 4353 1765 4412 Petri
1777 4352 1932 4412 Constantii
1944 4350 2042 4411 Albini
2054 4352 2150 4433 Magi.

658 4496 693 4535 ca
710 4474 874 4553 astrologica
892 4472 1056 4552 impressum
1073 4471 1242 4553 Hamburgii
1257 4469 1349 4530 1717.
1392 4474 1485 4546 Quem
1497 4470 1602 4529 librum
1614 4470 1746 4549 inspicere
1757 4468 1829 4529 mihi
1843 4469 1991 4552 hucusque
2007 4491 2064 4529 uon
2078 4490 2150 4530 con-

658 4592 731 4673 tigit.
778 4619 781 4629 ’

597 4706 634 4791 ²)
656 4709 693 4769 G.
706 4706 837 4789 Agricola
856 4707 890 4767 de
908 4718 1006 4766 natura
1020 4704 1159 4767 sossilium
1177 4705 1287 4766 tibx.
1309 4704 1360 4766 sol.
1383 4698 1787 4782 Bait.1546,1550,1558.
1818 4704 1848 4765 8.
1869 4706 2043 4788 Vittebergae
2057 4704 2148 4767 1612.

657 4828 699 4888 De
711 4827 824 4886 succino
836 4827 892 4885 iam
904 4837 999 4886 monet
1015 4826 1080 4886 edit.
1088 4825 1182 4887 Vitcb.
1204 4847 1235 4905 p.
1245 4820 1317 4883 861.
1347 4822 1409 4899 „At
1423 4847 1463 4886 res
1475 4826 1596 4885 inclusae
1609 4826 1638 4884 in
1651 4827 1765 4886 succino
1779 4826 1933 4904 pellucido,
1943 4827 2068 4906 conspici
2079 4846 2149 4906 pos-

654 4957 738 5018 sunt,
759 4944 918 5003 cniusmodi
930 4956 994 5004 sunt
1010 4942 1130 5019 culices,
1151 4964 1280 5019 muscae,
1303 4943 1453 5017 formicae,
1474 4964 1605 5019 araneae,
1625 4945 1773 5024 pisciculi,
1795 4945 1877 5004 omla
1887 4946 2029 5024 piscium,
2049 4943 2148 5005 foliola

654 5063 803 5137 arborum,
824 5058 972 5123 herbarum
986 5062 1105 5142 stipites,
1127 5064 1203 5143 algae
1216 5075 1300 5145 atque
1314 5063 1384 5124 aliae
1395 5083 1435 5122 res
1450 5063 1643 5122 minutulae.“
