4842 6159
611 508 657 576 de
672 503 844 602 floribus
871 505 912 575 in
937 516 1040 575 statu
1056 502 1197 599 fossili
1223 506 1492 578 commentatio.
1799 502 1878 581 553

254 753 338 836 tur,
367 736 455 822 sive
470 738 517 823 in
534 734 761 823 Achatibus
774 740 862 823 aive
875 740 923 824 in
936 736 1116 823 aliorum
1131 736 1319 852 lapidum
1332 766 1499 855 genere,
1526 738 1672 857 magni
1685 739 1877 825 aestima-

253 882 423 969 bantur.

382 1192 495 1232 nemora
506 1173 549 1231 vel
561 1171 671 1233 arbores
682 1185 709 1233 et
720 1170 833 1235 frutices
845 1174 947 1235 ramosi
965 1184 1192 1253 repraesentantes
1201 1172 1307 1252 (Baieri
1321 1174 1451 1235 Monam.
1460 1197 1509 1234 rer.
1517 1175 1666 1254 petrificat.
1682 1196 1713 1255 p.
1719 1172 1769 1255 2),
1790 1175 1877 1235 Pseu·

381 1291 543 1366 doastritae,
563 1290 719 1366 Rhoditae,
739 1292 899 1373 Stigmitae,
921 1292 1040 1352 Ericitae
1063 1292 1259 1371 (Carthaeuser
1279 1295 1300 1353 l.
1312 1293 1365 1372 c.).
1415 1295 1554 1354 Peculiare
1572 1296 1683 1374 insuper
1698 1314 1799 1353 nomen
1814 1291 1876 1353 fos-

380 1429 453 1469 sores
462 1409 594 1469 metallici
609 1406 680 1468 huic
691 1409 781 1487 lapidi
794 1410 940 1483 dederuut,
952 1410 1035 1469 fiores
1041 1408 1210 1490 (Blumen)
1216 1432 1268 1489 pro
1280 1409 1354 1469 felici
1367 1411 1475 1471 indicio
1487 1410 1619 1470 babentes
1631 1412 1807 1470 metallorum
1820 1429 1880 1490 uoq
1969 1432 1975 1435 ·

380 1526 483 1587 bilium
501 1527 700 1587 insecutorum.
745 1530 804 1587 Hae
818 1529 934 1609 quidem
952 1528 1156 1588 nominationes
1168 1529 1294 1609 singulae
1308 1550 1325 1589 a
1340 1528 1526 1609 scriptoribus
1545 1529 1674 1608 lapidum
1692 1532 1875 1608 figuratorum

380 1664 529 1728 rerumque
546 1645 716 1705 naturalium
734 1646 893 1725 promiscue
907 1647 1072 1728 plerumque
1091 1658 1149 1706 tam
1164 1647 1199 1706 de
1213 1646 1369 1726 lapidibus,
1389 1646 1547 1722 arboribus,
1568 1646 1717 1720 fruticetis,
1737 1665 1824 1728 quam
1841 1643 1877 1702 de

380 1761 457 1822 foliis
475 1761 606 1822 arborum
627 1760 834 1846 herbarumque
853 1762 997 1823 adhibitae
1013 1775 1088 1824 suut.
1140 1762 1180 1824 At
1197 1764 1406 1824 Kandmannus
1423 1764 1467 1845 (in
1486 1764 1663 1825 Promtuario
1692 1785 1723 1844 p.
1736 1760 1797 1821 221
1816 1782 1876 1844 seq.

381 1889 409 1941 et
419 1873 536 1957 p.288)
552 1877 762 1940 Scheuchaents
775 1879 989 1960 (Nomeuclator
1000 1879 1181 1962 lithologicus
1203 1903 1232 1959 p.
1239 1874 1297 1958 41)
1316 1894 1343 1940 et
1357 1880 1392 1942 A.
1405 1883 1493 1943 Ritter
1509 1878 1733 1965 (Commentll.
1748 1882 1783 1940 de
1797 1884 1876 1941 Zoc-

381 1992 642 2053 litho-Deudroidis
661 1996 689 2052 iu
705 2014 800 2075 genere
817 2006 844 2053 et
862 1997 891 2054 iu
911 1996 1002 2075 specie
1018 1996 1052 2055 de
1071 1993 1567 2075 Schwaraburgico-Sonderhusauis
1587 2018 1618 2076 p.
1634 1992 1670 2077 5)
1692 1998 1877 2057 distinxerunt

382 2108 498 2169 uomina
512 2108 647 2169 Dendrita
658 2121 685 2169 et
696 2110 856 2169 Dendroida
868 2112 910 2169 rel
921 2110 1106 2181 Dendroides,
1116 2110 1188 2169 illud
1199 2109 1381 2169 solummodo
1393 2110 1555 2170 indiderunt
1566 2110 1704 2171 eiusmodi
1718 2109 1874 2190 lapidibus,

382 2228 487 2312 quibus
499 2248 561 2289 rcra
574 2226 725 2302 arborum,
747 2226 953 2311 herbarumque
965 2226 1036 2288 folia
1048 2239 1115 2288 suut
1127 2229 1271 2307 impressa,
1292 2229 1375 2287 velia
1388 2229 1444 2286 illis
1455 2248 1593 2306 expressa,
1613 2227 1670 2287 hoc
1681 2228 1715 2286 iis
1727 2228 1875 2307 praecipue
1900 2250 1903 2254 ⁷

382 2346 538 2408 tribuerunt
548 2344 703 2425 lapidibus,
714 2346 764 2427 qui
778 2348 846 2405 veris
857 2345 1002 2406 arboribus
1014 2358 1041 2406 et
1054 2345 1202 2406 fruticibus
1213 2358 1279 2406 sunt
1291 2356 1404 2405 naturae
1420 2347 1484 2406 lusu
1497 2347 1587 2407 ornati
1602 2357 1630 2405 et
1642 2344 1716 2405 nihil
1725 2366 1876 2405 commune

384 2487 449 2527 cum
465 2464 639 2525 naturalibus
657 2465 760 2543 plantis
777 2463 891 2525 habent.
934 2463 961 2524 Α
973 2464 1096 2525 binnaeo
1108 2485 1204 2523 omnes
1215 2464 1365 2523 Dendritae
1376 2476 1511 2523 vocantur
1523 2461 1698 2542 Graptolithi
1709 2464 1751 2521 rel
1766 2464 1878 2542 petrifi-

382 2596 444 2646 cata
454 2586 594 2664 picturam
610 2583 799 2643 assimulantia
813 2583 982 2660 (C.Linnaei
995 2594 1063 2662 syst.
1077 2595 1167 2642 natur.
1181 2582 1250 2641 edit.
1263 2594 1357 2663 quart.
1379 2582 1454 2641 Paris
1463 2573 1574 2661 1744),
1586 2593 1614 2641 et
1625 2581 1780 2642 secundum
1790 2581 1877 2641 varias

382 2706 487 2785 figuras
498 2704 526 2761 in
540 2704 574 2763 iis
586 2724 722 2782 expressas
737 2701 961 2781 distinguuntur:
983 2702 1067 2780 Lapis
1081 2699 1285 2781 geographicas
1297 2699 1512 2779 (Graptolithus
1523 2701 1603 2760 lineis
1611 2722 1746 2779 mappam
1760 2720 1878 2782 gangra„

381 2820 499 2901 phicam
513 2817 659 2898 referens)·‚
682 2818 764 2897 Lapis
777 2818 921 2890 ruderalis,
941 2818 969 2877 la
987 2818 1075 2895 pierre
1095 2817 1128 2876 de
1140 2819 1270 2877 Florence
1288 2813 1418 2898 (praelia,
1440 2816 1533 2892 urbes,
1555 2818 1652 2877 mdera
1662 2820 1706 2877 rel
1714 2817 1819 2877 similia
1831 2838 1877 2877 re-

382 2936 502 3017 ferenr);
524 2937 684 3011 Dendrites,
705 2935 823 2995 Dendrit
832 2958 868 2995 ou
881 2935 968 3015 pierre
980 2934 1136 2995 herborisde
1151 2936 1218 3013 (Gr.
1225 2956 1351 3010 nemora,
1368 2936 1490 3011 arbores,
1510 2938 1621 3016 plantas
1631 2933 1775 3014 referens);
1796 2937 1879 2997 Con-

381 3056 437 3116 cha
452 3056 564 3117 anomia
578 3055 643 3132 (Gr.
656 3054 774 3115 circulos
788 3056 861 3113 intra
880 3054 1000 3113 circulos
1014 3053 1160 3133 reserens);
1183 3054 1338 3133 Stigmites,
1359 3054 1537 3115 Punctularia
1554 3056 1619 3134 (Gr.
1626 3067 1732 3133 puncta
1745 3053 1878 3115 informia

383 3172 522 3251 referens).
565 3172 607 3230 De
625 3172 729 3253 origine
748 3150 935 3249 plurimorum
956 3170 1155 3230 Dendritarum
1173 3172 1231 3231 iam
1250 3172 1357 3231 Veteres
1374 3172 1521 3230 sententias
1537 3172 1575 3231 ad
1591 3171 1732 3231 veritatem
1748 3172 1876 3250 proxime

382 3292 540 3353 accedentes
552 3292 580 3350 iu
592 3291 717 3349 medium
729 3292 913 3368 protulerunt.
949 3288 1159 3349 Scheuchrerus
1171 3288 1301 3369 (Dissert.
1312 3291 1457 3368 epistolica
1468 3290 1653 3349 deDendritis
1664 3292 1781 3372 ahisque
1788 3293 1877 3372 Lapi-

384 3410 467 3470 dibus
484 3422 535 3468 etc.
558 3408 687 3487 Append.
700 3407 737 3468 ad
755 3428 859 3467 aunum
873 3409 937 3465 Vct
951 3408 1003 3466 vl.
1027 3407 1130 3465 Decnr.
1143 3407 1200 3466 tlt.
1224 3405 1443 3486 Ephemeridum
1460 3408 1771 3488 medico-physicarum
1784 3409 1876 3470 Acad.

382 3530 462 3589 Caes.
475 3531 509 3587 L.-
520 3529 553 3587 C.
568 3528 634 3587 Nat.
648 3528 715 3587 Cur.
738 3524 868 3586 Norimb.
878 3524 969 3583 1700.
993 3546 1023 3603 p.
1035 3520 1076 3583 68
1088 3525 1140 3601 ss.)
1163 3525 1198 3584 ad
1216 3526 1410 3585 illustrandam
1423 3529 1621 3588 Dendritarum
1638 3529 1748 3608 genesin
1767 3528 1878 3607 experi-

384 3658 476 3707 menta
486 3645 619 3726 chymica
631 3645 764 3718 instituit,
773 3643 879 3725 quibus
891 3644 1011 3702 evictum
1025 3655 1076 3718 ast,
1088 3644 1180 3722 plures
1192 3642 1260 3723 (nisi
1275 3646 1329 3704 fere
1340 3646 1451 3725 ornnes)
1464 3669 1480 3707 a
1491 3648 1604 3729 liquida
1621 3648 1747 3729 quadam
1761 3648 1877 3707 materia

382 3768 469 3827 salina
481 3769 545 3846 plus
557 3767 684 3833 minusve,
694 3764 831 3824 corrosiva
842 3775 869 3823 et
880 3764 1021 3823 metallico
1034 3761 1125 3823 forsan
1137 3784 1238 3841 vapore
1250 3763 1333 3823 rimas
1345 3776 1371 3823 et
1383 3766 1493 3825 fixuras
1504 3766 1633 3845 lapidum
1646 3777 1816 3845 penetrante,
1836 3762 1877 3822 ihi

384 3884 413 3942 in
428 3884 549 3942 ramulos
559 3883 601 3941 rel
614 3883 644 3941 in
656 3883 724 3942 alias
735 3884 838 3962 figuras
849 3900 877 3939 se
888 3881 1078 3956 diffundente,
1090 3892 1197 3942 exortos
1208 3902 1273 3941 esse.
1316 3885 1390 3943 Sunt
1402 3904 1467 3943 vero
1477 3884 1525 3943 alii
1534 3884 1683 3943 Deadutae
1695 3884 1724 3941 in
1734 3881 1879 3962 lapidibus

385 4000 535 4075 achatinis,
556 4004 607 4083 qui
625 4023 641 4061 a
659 4021 773 4080 corpore
787 3998 931 4081 vegetabili
949 4021 999 4059 nec
1017 4022 1034 4061 a
1053 3999 1203 4080 saporibus
1216 4002 1361 4061 metallicis
1376 4022 1456 4061 suam
1471 4000 1575 4061 hahent
1585 4003 1734 4083 originem,
1754 4022 1877 4085 quorum

386 4122 441 4181 iam
463 4122 538 4181 idem
558 4118 786 4193 Scheuchzerus,
807 4120 948 4200 Raglirius
970 4119 1078 4199 (Opera
1092 4130 1181 4198 pract.
1195 4131 1222 4177 et
1239 4119 1340 4178 medic.
1360 4120 1524 4179 intractata
1543 4121 1577 4180 de
1594 4131 1680 4203 reget.
1698 4120 1787 4198 lapid.
1814 4123 1831 4193 S
1847 4118 1878 4181 8.

384 4262 414 4319 p.
422 4235 492 4319 ⁵0),
512 4238 707 4299 Aldrorandns
721 4240 811 4318 (Mus.
825 4240 930 4299 metail.
953 4238 1075 4300 titatv.
1098 4237 1169 4297 Tab.
1180 4238 1204 4295 1.
1227 4233 1293 4295 n.2.
1315 4257 1345 4314 p.
1353 4233 1443 4315 908),
1465 4237 1628 4318 Rumphius
1640 4236 1879 4316 (Amhoinische

385 4356 705 4418 Raritcitenisammcr
726 4356 797 4418 Tah.
808 4360 867 4418 LV.
882 4370 909 4418 et
927 4359 1003 4419 LVI.
1025 4380 1056 4438 p.
1070 4355 1167 4433 287),
1200 4355 1354 4436 Argenrille
1374 4354 1580 4439 (Orpctologie.
1603 4358 1741 4420 Tabtv.
1763 4381 1794 4439 p.
1806 4356 1879 4436 169,

387 4474 458 4537 170.
481 4471 595 4556 T.v.),
633 4478 723 4535 Lesser
741 4473 993 4557 (Lithotheologie.
1016 4474 1104 4536 and.
1127 4471 1157 4534 2.
1171 4476 1252 4554 Kptl.
1274 4472 1305 4533 2.
1317 4472 1408 4533 Abth.
1429 4495 1459 4553 p.
1476 4472 1571 4556 128),
1608 4477 1780 4536 Kuudmanu
1798 4476 1878 4555 (Rar.

386 4608 441 4656 nat.
454 4607 481 4655 et
495 4606 546 4655 art.
569 4592 705 4655 abtin.
729 4598 777 4675 ttg.
787 4590 921 4653 10-13.
944 4617 974 4674 p.
984 4587 1056 4655 142.
1078 4594 1199 4655 tah.Xl.
1221 4614 1251 4672 p.
1258 4590 1332 4651 209.
1365 4592 1463 4652 Eiusd.
1476 4594 1632 4655 Promtuar.
1645 4615 1735 4653 rerum
1747 4607 1839 4655 natur.
1852 4608 1879 4656 et

386 4715 586 4777 artificialium.
608 4711 723 4794 p.180)
730 4756 743 4789 ,
774 4715 874 4775 Darila
888 4712 995 4793 (Catal.
1007 4714 1144 4775 raisonne.
1166 4715 1197 4774 P.
1208 4714 1249 4773 ΙΙ.
1272 4709 1407 4792 peut),
1434 4713 1569 4774 bertrand
1581 4715 1741 4790 (Dictionn.
1753 4716 1801 4775 das
1811 4714 1878 4776 foss.

385 4834 415 4893 P.
424 4835 449 4892 l.
472 4852 502 4911 p.
512 4828 589 4911 190)
595 4875 607 4906 ,
637 4830 771 4892 Schrdter
787 4828 910 4911 (Lithol.
925 4834 1011 4894 lteat.
1024 4833 1283 4896 u.Verbal-Lexik.
1305 4827 1398 4892 &Bt
1421 4825 1537 4912 8234)
1560 4834 1728 4895 mentionem
1747 4833 1878 4905 feceruut,

386 4952 451 5026 Qua
464 4949 499 5008 de
512 4972 538 5009 re
552 4949 897 5010 recentiorasdissentinnt.
941 4950 1152 5012 Daubeutouius
1163 4949 1269 5032 (Mem.
1277 4952 1312 5011 de
1321 4949 1437 5011 l’hcad.
1444 4951 1491 5011 des
1500 4974 1539 5011 sc.
1559 4954 1635 5012 Paris
1648 4950 1740 5012 1782.
1751 4975 1781 5032 p.
1789 4950 1880 5030 667),

389 5068 490 5128 Delisle
497 5110 509 5142 ,
537 5068 705 5144 Dutensius,
726 5070 875 5131 Gautierus
892 5067 1042 5150 (Uetera.
1055 5069 1135 5131 tiber
1146 5068 1362 5149 Entstebung,
1386 5068 1460 5129 Bau
1477 5088 1510 5132 u.
1523 5068 1609 5131 Bild.
1623 5070 1654 5132 d.
1669 5070 1876 5132 Chalcedona

369 5250 371 5255 ,
450 5188 714 5246 rotumnam
969 5187 973 5195 ·
1426 5186 1477 5255 70
