4842 6159
593 506 641 575 cle
655 500 827 601 floribus
853 502 892 573 in
917 512 1020 576 statu
1035 498 1174 595 fossili
1199 503 1469 576 commentatio.
1783 506 1862 585 566

236 736 372 855 p.145
392 756 434 823 ct
453 735 596 823 multis
611 735 703 823 aliis
716 731 1143 848 Diootyledonearum
1157 731 1279 836 loliis,
1300 758 1409 849 quae
1424 734 1598 851 quidem
1612 736 1778 827 adurni
1791 740 1860 827 vel

237 885 409 975 Betulae
422 887 588 999 species,
604 902 810 999 quatenus
823 884 932 969 mibi
947 880 1121 997 quidem
1135 910 1284 968 eorum
1298 885 1555 1000 exemplaria
1568 906 1767 1003 prostant,
1787 894 1861 978 vix

237 1036 451 1150 pertinere
465 1033 665 1120 videntur
694 1031 881 1150 (Collect.
896 1028 1147 1118 Keier'stein.
1161 1049 1203 1116 et
1214 1032 1350 1120 Musei
1365 1036 1531 1155 Berol.).

355 1182 500 1287 Quum
515 1184 689 1269 nonnisi
709 1180 1065 1269 inflorescentiam
1086 1180 1302 1296 hucusque
1320 1185 1584 1287 invenerim,
1612 1182 1780 1273 difficile
1799 1205 1860 1274 est

237 1332 435 1437 iudicatu,
456 1360 512 1418 an
526 1334 578 1418 sit
592 1333 746 1445 specics
761 1330 864 1416 Alni
878 1329 1014 1417 adhuc
1027 1332 1206 1448 vigentis
1222 1359 1301 1418 uec
1313 1360 1389 1437 ne;
1411 1352 1521 1419 certe
1536 1334 1587 1420 ad
1596 1334 1757 1421 Aluum
1771 1336 1862 1455 glu-

238 1486 418 1571 tinosam
434 1487 565 1599 magis
579 1510 707 1596 quem
725 1482 776 1567 ad
791 1480 921 1567 ullam
936 1480 1063 1566 aliam
1078 1482 1254 1584 accedit,
1282 1482 1414 1596 quod,
1442 1485 1861 1598 sicomparationem,

239 1660 349 1747 quae
364 1659 481 1717 nunc
493 1633 700 1745 sequitur,
729 1648 885 1715 attente
900 1630 1240 1743 consideraveris,
1262 1630 1373 1716 mibi
1387 1630 1581 1719 lubenter
1594 1634 1804 1723 concedes.

735 1827 1029 1942 Explicatio
1064 1830 1364 1946 figurarum.

933 1977 1025 2051 Tab.
1052 1979 1158 2053 XLl.

340 2116 423 2216 rig.
445 2118 483 2188 1.
512 2112 776 2187 lnilorescentia
789 2114 936 2187 amentis
951 2113 1114 2188 masculis
1129 2139 1237 2217 supra
1249 2113 1349 2188 basin
1363 2112 1555 2218 decerptis3
1578 2116 1783 2217 magaimdo
1798 2144 1859 2194 m.

238 2250 374 2327 taralis.
405 2248 453 2353 (E
470 2236 674 2325 collectione
689 2247 997 2351 Reierstciniana).

343 2388 424 2489 rig.
443 2389 484 2462 2.
512 2386 637 2461 Altera
649 2386 869 2488 geanthracis
883 2413 987 2490 pars5
1016 2382 1222 2484 magnitudo
1236 2384 1419 2460 naturalis.

344 2524 425 2625 Fig.
443 2524 480 2596 3.
511 2520 787 2596 lnilomscentia.
824 2523 906 2622 rig.
918 2524 956 2595 1.
972 2519 1227 2622 aliquantidum
1241 2519 1401 2595 manem.

389 2689 423 2737 a.
454 2660 635 2734 Foliorum
649 2686 802 2761 gemma.

389 2802 421 2873 b.
451 2796 647 2872 Pedunculi
662 2812 880 2869 omentorum
896 2794 1142 2891 femineorum,
1170 2820 1261 2897 quae
1277 2789 1417 2897 quidem
1431 2793 1612 2869 deficiunt.

388 2964 420 3012 c.
449 2937 602 3010 Ameuta
615 2934 770 3008 mascula
783 2959 891 3036 supra
908 2931 1008 3005 basin
1023 2932 1199 3037 decerpta.

386 3077 422 3147 d.
453 3068 653 3146 Tubercula
672 3067 728 3144 vel
758 3070 904 3143 fortasse
926 3068 1116 3142 lenticellae
1146 3065 1287 3170 (mebns
1315 3065 1515 3171 lenticulae)
1545 3065 1752 3174 pedunculis
1773 3074 1857 3147 insi·

449 3209 584 3305 dentes,
613 3210 664 3283 uti
679 3209 783 3281 etiam
799 3208 835 3280 in
848 3206 951 3281 Aluis
966 3206 1177 3280 nostratibus
1192 3206 1437 3280 observantur.

341 3345 422 3446 rig.
443 3348 483 3419 4.
511 3345 703 3418 Amentum
718 3340 911 3417 masculum
925 3356 1085 3445 apertum
1102 3338 1317 3445 (asservatur
1330 3340 1500 3415 inblnseo
1514 3341 1859 3444 mineralogicollui·

239 3478 410 3555 versitatis
425 3477 695 3582 Berolinensis).

341 3619 423 3719 rig.
444 3620 484 3692 5.
512 3617 704 3690 Amentum
726 3612 920 3688 masculum
942 3611 1099 3687 clausum
1119 3611 1318 3717 pedunculo
1341 3612 1454 3687 adbuc
1474 3614 1704 3709 instructum,
1731 3615 1768 3688 in
1789 3642 1859 3717 quo

237 3782 462 3859 squamarum
478 3756 590 3829 ior-ma
607 3780 629 3827 a
643 3752 758 3826 fronte
770 3753 848 3826 uisa
862 3750 1009 3825 dilucide
1025 3767 1169 3854 apparet
1185 3750 1297 3855 (Mus.
1316 3752 1481 3825 Univers.
1499 3747 1654 3851 Remi).

341 3896 423 3994 rig.
444 3894 483 3967 6.
512 3891 786 4007 hilarescentis·
787 3890 873 3964 Alai
887 3890 1083 3991 gkrtinosae
1103 3889 1147 3964 ad
1161 3889 1357 3992 analogiam
1371 3885 1689 3962 demonstrandam.

391 4056 427 4105 α.
456 4028 637 4101 Foliorum
651 4051 805 4127 gemma.

391 4169 424 4240 b.
452 4166 606 4241 Amenta
621 4165 785 4239 leminea.

390 4328 421 4376 c.
451 4302 644 4377 amentum
659 4298 854 4376 masculum
868 4324 976 4402 supra
988 4298 1087 4372 basin
1103 4297 1267 4373 fractum.

390 4444 428 4514 d.
456 4439 610 4514 amenta
622 4436 778 4513 mascula
790 4438 942 4537 integra.

390 4602 421 4649 e.
451 4572 737 4649 Peduuculorum
752 4572 935 4647 tubercula
947 4586 983 4645 et
997 4569 1189 4644 lenticellae
1205 4567 1318 4674 (coni.
1335 4595 1370 4644 c.
1387 4569 1475 4644 loss.
1491 4570 1574 4672 Fig.
1585 4571 1624 4643 3.
1635 4566 1707 4673 c).

341 4708 422 4812 rig.
442 4712 483 4785 7.
510 4710 670 4787 Antbera
692 4706 837 4816 (albida)
860 4711 990 4787 200ies
1011 4707 1222 4812 amplificata
1249 4704 1298 4809 ¹),
1330 4708 1368 4781 in
1382 4734 1452 4813 qua
1464 4707 1605 4825 pollinis
1618 4703 1767 4807 penula
1779 4730 1859 4811 per·
1950 4702 1954 4709 ’

237 4848 326 4953 spici
340 4864 501 4953 possunt.

307 5086 343 5176 ¹)
363 5088 606 5173 amplificationis
623 5092 741 5157 rationes
752 5102 864 5155 notatae
878 5091 915 5154 ad
929 5090 1110 5169 diametrum,
1130 5103 1163 5153 ut
1173 5090 1276 5166 solent,
1289 5086 1451 5176 preferendae
1463 5098 1538 5149 sant
