4842 6159
597 483 644 551 ds
660 478 832 575 floribus
860 481 901 552 in
925 492 1029 552 statu
1043 480 1183 573 fossili
1207 484 1477 555 commentatio.
1784 482 1858 559 561

237 736 388 798 revera
409 709 461 795 ad
481 712 680 797 scientiae
704 713 951 829 dignitatem
973 714 1308 825 promovebatur.
1367 714 1543 833 Egregia
1554 733 1664 818 sunt,
1684 744 1793 830 quae
1807 715 1860 802 de

234 860 570 963 formationibus,
582 864 792 977 inquibus
807 862 1164 948 obviamvaniunt
1177 862 1347 974 plantae
1358 864 1522 968 fossiles,
1535 868 1804 982 geognosticis
1818 886 1859 952 et

233 1008 288 1095 de
317 1036 464 1096 aarum
490 1012 656 1096 ratione
687 1010 739 1096 ad
774 1009 934 1095 telluris
963 1012 1138 1125 genesin
1167 1010 1456 1098 illustrandam
1484 1014 1661 1127 profert,
1701 1018 1859 1101 summi

234 1160 363 1275 pretii
382 1156 603 1244 habendae
624 1177 869 1274 ectyporum
890 1176 1088 1245 naturam
1110 1157 1368 1247 aemulantes
1388 1162 1610 1277 imagines,
1645 1181 1687 1246 et
1704 1164 1858 1248 iustam

234 1309 432 1394 omnium
459 1311 810 1421 exspectationem
834 1309 1114 1422 systematica,
1150 1336 1279 1420 quam
1307 1306 1517 1411 exhibuit,
1550 1307 1856 1396 classificatione

234 1456 450 1543 uberrime
466 1455 647 1571 explevit
661 1460 729 1543 vir
742 1456 1121 1543 excellentissimus.
1179 1456 1246 1541 Ad
1259 1454 1409 1543 floram
1422 1457 1738 1571 primordialem
1758 1458 1856 1549 iilu-

233 1604 450 1692 strandam
477 1605 655 1690 contulit
683 1604 927 1707 Rhodius,
970 1604 1177 1690 Professor
1198 1603 1555 1709 Vratislaviensis,
1596 1610 1672 1720 qui
1699 1605 1856 1692 filicum

233 1754 499 1869 aliarumque
517 1753 760 1868 plantarum
787 1758 836 1841 in
857 1754 1013 1840 fodinis
1039 1755 1295 1841 carbonariis
1323 1755 1467 1842 obvias
1493 1758 1787 1870 impressiones
1806 1760 1857 1842 in

233 1907 368 1991 varias
380 1896 612 1989 secundu'm
628 1932 773 1989 earum
787 1906 995 1989 rationem
1011 1902 1154 1989 classes
1172 1903 1331 2004 divisit,
1361 1932 1463 2016 quas
1484 1903 1656 2015 quidem
1679 1922 1857 1989 naturae

235 2081 325 2140 non
338 2050 610 2167 respondere,
640 2081 768 2137 nemo
783 2081 871 2138 non
889 2053 1068 2169 negabit
1126 2052 1181 2136 At
1201 2050 1342 2153 flores,
1372 2080 1475 2166 quos
1486 2054 1533 2137 in
1548 2081 1647 2138 saxo
1661 2055 1855 2139 arenario

234 2204 364 2289 rubro
379 2222 421 2287 et
432 2205 480 2287 in
498 2201 775 2288 lithantbrace
789 2204 879 2315 ipso
893 2232 936 2287 se
951 2200 1102 2287 vidisse
1115 2202 1295 2314 putavit,
1325 2229 1453 2285 nemo
1472 2222 1665 2317 agnoscet
1690 2202 1744 2319 ¹).
1801 2201 1855 2285 Et

234 2349 341 2437 alius
362 2368 521 2452 auctor,
549 2350 673 2464 paulo
695 2370 914 2465 postquam
936 2349 1008 2436 ifle
1034 2348 1398 2465 Sternbergius
1425 2348 1696 2450 inclaruerat,
1732 2350 1855 2436 laude

236 2499 675 2585 eximiacelebrandus
689 2519 759 2586 cst.
817 2497 1078 2613 Adolphus
1098 2498 1498 2615 qungniartius
1518 2502 1656 2584 etsuis
1677 2518 1717 2583 et
1735 2518 1855 2585 ante·

136 2630 140 2637 ⁵
236 2676 442 2732 cessorum
461 2648 822 2735 observationibus
844 2653 977 2750 nisus,
1007 2676 1163 2733 novam
1176 2645 1305 2733 florae
1318 2646 1569 2763 Protogaeae
1583 2646 1855 2735 classificatio-

235 2822 337 2880 nem
356 2793 487 2879 edidit
505 2799 645 2909 primo
668 2798 776 2881 1821
806 2795 850 2914 ²)
881 2815 920 2881 et
941 2793 1095 2880 exinde
1117 2795 1345 2908 quotannis
1364 2793 1452 2879 fere
1469 2797 1667 2881 scientiae
1690 2815 1855 2883 nostrae

234 2947 497 3058 provinciam
513 2949 633 3030 novis
647 2947 770 3031 rebus
787 2964 990 3059 tanquam
1007 2942 1242 3058 prodromis
1257 2945 1426 3029 maioris
1440 2949 1621 3030 secuturi
1634 2950 1770 3059 operis
1790 2946 1856 3031 di-

234 3096 348 3180 tavit.
407 3092 532 3196 Quod
547 3122 649 3208 opus
663 3094 737 3178 din
752 3111 1030 3206 exspectatum
1044 3091 1198 3206 prodiit
1216 3092 1330 3175 1828
1356 3091 1418 3209 ³),
1436 3095 1484 3177 in
1500 3121 1584 3206 quo
1597 3095 1684 3179 fere
1697 3097 1855 3196 omnia,

235 3268 343 3355 quae
357 3272 409 3326 ex
423 3244 512 3326 eius
525 3239 788 3353 aliorumque
806 3238 950 3324 studiis
964 3238 1101 3323 bausit
1114 3241 1396 3341 scientia,sive
1409 3240 1603 3328 butanica
1615 3244 1703 3327 aive
1717 3243 1855 3360 geolo·

234 3390 494 3505 gicaoptime
507 3388 662 3504 digesta
675 3390 878 3472 invenies
908 3386 1855 3502 Acceduntpraetereaprincipiaplantasfossi-

235 3536 291 3620 les
305 3538 414 3649 ipsas
427 3537 742 3623 determiuandi
754 3535 1337 3652 distinguendiquaperacnta,
1345 3555 1470 3652 atque
1484 3567 1643 3624 novum
1655 3544 1787 3655 priori
1801 3546 1854 3629 ab

233 3682 383 3771 codem
399 3702 566 3770 auctore
579 3683 840 3770 editomnltis
852 3683 1291 3799 notispraeferendum
1304 3704 1521 3772 tentamen
1535 3687 1855 3779 classificationis

233 3834 558 3947 systematicum,
586 3836 635 3920 in
656 3864 740 3950 quo
761 3837 888 3921 etiam
906 3831 1029 3921 flores
1049 3835 1097 3918 in
1110 3851 1218 3919 statu
1232 3820 1359 3921 fossili
1371 3857 1677 3941 memorantur,
1699 3868 1855 3955 nempe

302 4185 339 4275 ¹)
360 4190 490 4253 Dessen
500 4190 653 4271 Beitrrige
666 4211 730 4253 zur
743 4190 1015 4278 Pflanzenlrunds
1028 4191 1087 4252 der
1104 4190 1254 4267 Vorwclt,
1271 4189 1356 4252 nacla
1368 4188 1561 4252 Abdrtcken
1578 4191 1611 4253 in
1624 4190 1853 4258 Koblensclrie·

349 4308 415 4394 fer
429 4310 499 4370 und
511 4310 683 4371 Sandstein
701 4329 763 4371 aus
775 4312 991 4372 sclrlesischen
1004 4310 1348 4372 Steinlsolzlcnwerlscn.
1381 4307 1711 4375 Brcslau1820-24.
1738 4313 1765 4376 1.
1776 4310 1851 4400 Hft.

347 4420 471 4513 ’Παῤ
506 4426 621 4512 2.Hst.
645 4424 754 4512 STcff.
791 4421 987 4512 8.u.4.Hst.
1012 4425 1124 4512 6Taf.
1157 4428 1228 4491 Fol.

300 4562 339 4650 ²)
361 4568 415 4629 Sur
427 4568 455 4627 la
467 4567 664 4627 classificstion
676 4578 703 4627 et
715 4567 744 4626 la
753 4566 933 4627 distribution
946 4568 993 4627 des
998 4568 1143 4650 Vtgdtaux
1154 4567 1261 4629 fossiles
1271 4587 1304 4626 en
1314 4565 1437 4648 general,
1457 4576 1485 4625 et
1495 4584 1543 4626 snr
1554 4586 1625 4626 ceux
1635 4567 1683 4627 des
1696 4569 1809 4629 tensius
1819 4572 1855 4631 ds

362 4684 500 4746 sediment
510 4684 651 4764 supirieur
663 4705 696 4743 en
707 4684 877 4764 particulier.
904 4685 1038 4745 Mimdu
1050 4688 1125 4747 Mus.
1138 4682 1331 4761 d’bist.natur.
1353 4685 1387 4745 T.
1395 4680 1487 4743 Time.
1509 4682 1585 4741 Paris
1599 4679 1690 4743 1821.
1711 4678 1855 4764 p.203-

363 4793 428 4860 240
441 4814 468 4861 et
479 4791 685 4881 past-347
691 4844 702 4876 ,
723 4821 788 4861 avec
803 4797 823 4859 6
834 4800 978 4881 plsuches.

301 4928 342 5020 ⁸)
363 4934 512 4997 Prodrorne
532 4935 613 4995 d’une
629 4932 744 4997 histoire
762 4935 960 5017 detegam
976 4933 1091 4998 fossiles.
1113 4934 1144 4998 8.
1165 4933 1268 5017 paea
1288 4946 1316 4999 et
1335 4936 1409 4997 liist.
1421 4935 1469 4998 des
1478 4936 1624 5017 Vigltaux
1636 4935 1750 4998 fossiles.
1775 4932 1856 4997 1828

365 5046 460 5113 -36,
483 5050 775 5130 Lirraisons1-10,
795 5050 1096 5137 arec184planchss.
1116 5048 1148 5115 4.

428 5170 595 5229 retrusi.
618 5173 694 5247 arr.
1404 5166 1454 5238 71
