4842 6159
587 502 634 569 do
649 499 821 596 floribus
848 501 888 569 in
915 512 1017 569 statu
1033 498 1173 593 fossili
1199 503 1469 576 commentatio.

731 763 1026 877 Explicatis
1064 764 1360 879 figurarum.

914 916 1006 990 Tab.
1034 917 1158 988 XLll.

332 1051 413 1149 Fig.
432 1050 496 1123 33.
526 1049 725 1123 Geonthrax
740 1076 820 1125 cnm
836 1051 1042 1125 Cucubalitc
1059 1051 1252 1125 Goldfussii
1268 1051 1315 1126 G.

377 1213 413 1258 a.
446 1184 570 1284 Calyx.

378 1325 409 1395 l.
440 1319 529 1421 styli
545 1336 629 1393 tres.

332 1458 412 1556 Fig.
430 1459 494 1530 34.
525 1458 636 1557 Calyx
652 1457 823 1530 Cucubali
838 1458 958 1531 Behcn
974 1473 1053 1529 ante
1068 1459 1263 1560 petalonum
1279 1459 1555 1561 explicationem.

330 1595 412 1694 Fig.
432 1595 496 1666 35.
526 1595 608 1666 Flos
623 1595 794 1669 Cucubnli
810 1596 944 1691 lichen,
974 1597 1017 1669 ab
1032 1597 1189 1668 interiori
1203 1598 1313 1668 visus.

376 1758 411 1807 α.
443 1730 582 1832 Calycis
596 1732 753 1805 laciniae.

376 1872 408 1943 ὃ.
439 1870 559 1942 Pelala
574 1871 723 1946 iunium.

376 2033 406 2081 c.
438 2004 607 2079 Stamina.

376 2152 412 2221 d.
443 2146 627 2248 stylitres.

485 2360 1306 2452 cAltPANTHOLlTHns
1349 2362 1498 2479 Giipp.
1535 2363 1588 2481 ¹).

342 2542 476 2657 Calyx
497 2544 706 2645 deciduus,
728 2547 811 2628 tri·
841 2544 907 2628 vel
930 2543 1219 2657 tetraphyllus,
1251 2544 1402 2629 foliolis
1424 2544 1662 2631 lanceolatis
1681 2545 1846 2630 obtusis.

222 2688 393 2774 Corolla
415 2690 696 2803 monopetala,
726 2688 1150 2789 infundibulilormis,
1184 2689 1285 2772 tubo
1308 2690 1552 2774 brevissimo
1571 2717 1733 2774 sursum
1756 2718 1847 2772 am-

222 2836 374 2950 pliato,
403 2835 534 2921 limbo
557 2841 781 2950 tripartite,
815 2837 978 2923 laciniis
995 2837 1473 2922 ovato-rotundiusculis
1494 2840 1684 2923 concavis
1705 2841 1847 2923 crassis

222 2987 343 3097 apice
357 2988 503 3070 retusis
521 2982 698 3069 inflexis.
757 2987 946 3070 Stamina
961 2988 1052 3086 tria,
1078 2984 1179 3070 tubo
1194 2984 1370 3070 corollae
1383 2987 1557 3087 inserta,
1587 2985 1773 3069 authoris
1794 2985 1845 3069 li-

221 3133 337 3218 beris
358 3132 713 3249 ovato-oblongis.
776 3132 915 3245 Stylus
940 3132 1136 3246 simplex,
1171 3165 1194 3217 c
1217 3132 1304 3219 basi
1326 3132 1392 3217 vel
1413 3134 1552 3219 medio
1573 3132 1706 3217 fundo
1732 3129 1845 3216 floris

222 3282 499 3382 adscendens,
526 3280 756 3397 elongatus,
775 3279 949 3366 laciniis
963 3280 1090 3395 duplo
1105 3280 1286 3399 longior,
1307 3284 1469 3395 apicem
1489 3309 1632 3367 versus
1653 3280 1843 3365 clavatus

222 3432 385 3546 Stigma
406 3428 552 3515 deficit.
610 3472 618 3491 ·

485 3646 1048 3735 Gnnnnnnnonrnnns
1084 3648 1416 3733 Bnnnnnnn
1450 3647 1585 3758 dep.

341 3829 395 3915 In
421 3834 588 3915 succino
617 3830 1016 3918 aureo-flavescenti
1037 3830 1244 3946 pellucido
1263 3830 1447 3916 inclusus
1466 3858 1598 3943 prope
1619 3828 1845 3913 Gedanum

219 3996 425 4091 repertus.
469 3978 526 4095 (E
541 3977 696 4065 collect.
709 3980 814 4065 Noh.
830 3979 882 4065 de
896 3980 1061 4095 Fiebig,
1090 3979 1320 4065 Chiliarchi
1336 4007 1468 4063 exerc.
1483 3977 1581 4095 Reg.
1596 3979 1787 4096 Bornos).

342 4125 407 4211 De
423 4126 612 4242 analogia
627 4128 749 4214 huius
761 4127 885 4231 floris,
893 4159 1020 4243 quem
1032 4132 1078 4212 in
1093 4128 1300 4211 honorem
1312 4127 1416 4212 G.C.
1427 4126 1695 4211 Bercndtii
1713 4126 1845 4245 ²)no-

220 4276 401 4374 minavi‚
418 4302 475 4358 ne
492 4279 772 4363 coniecturam
788 4277 961 4392 quidem
977 4279 1163 4391 proferre
1177 4276 1321 4379 audeo,
1336 4306 1433 4363 cum
1447 4305 1503 4361 nc
1519 4280 1687 4362 unicam
1698 4277 1845 4365 Florae

221 4439 391 4508 nostrae
406 4421 613 4535 plantam,
642 4454 821 4538 quacum
838 4445 932 4539 apte
947 4428 1180 4539 comparari
1195 4429 1336 4540 possit,
1363 4428 1643 4542 cognoverim.

293 4706 334 4791 ι)
355 4706 462 4781 καρπὸς
480 4709 586 4769 fructus
594 4752 605 4783 ,
625 4706 718 4769 tusce
735 4710 802 4784 ilos,
823 4712 893 4793 quia
904 4710 953 4771 hic
964 4712 1019 4772 llos
1030 4712 1153 4773 fructum
1166 4713 1209 4773 vel
1221 4714 1365 4793 capsulam
1379 4713 1521 4774 mentitur.

291 4820 332 4912 ²)
354 4826 421 4888 Die
439 4826 588 4888 Insecten
609 4828 652 4887 im
670 4828 858 4906 Bernslein,
881 4832 933 4891 ein
945 4831 1078 4911 Beitrag
1091 4852 1153 4892 zur
1171 4831 1453 4909 llriergesclriclrte
1467 4830 1526 4890 der
1543 4828 1691 4893 Vorwelt.
1724 4831 1842 4917 1.ch

353 4966 416 5005 von
432 4946 496 5007 Dr.
510 4947 593 5007 med.
607 4946 646 5007 G.
662 4946 696 5008 C.
711 4948 863 5011 Berendl.
886 4947 1126 5032 Danzig1830.
1153 4952 1213 5033 (Gl.
1226 4963 1323 5012 auctor
1340 4951 1369 5008 in
1383 4948 1441 5010 hoc
1457 4971 1538 5031 opere
1552 4951 1637 5011 etiam
1653 4953 1764 5012 Floram
1783 4957 1846 5032 pri.

355 5066 520 5127 mundialem
539 5068 636 5129 multis
652 5069 788 5148 symbolis
804 5069 912 5153 auget.)

1420 5179 1444 5220 ο
