4842 6159
570 468 649 547 662
1202 462 1248 535 Η.
1276 462 1317 535 R.
1347 459 1534 547 Girruar,

573 701 620 819 1)
635 698 941 787 inflorescentia
955 696 1167 782 cuiusdam
1182 693 1353 809 plantae
1367 695 1551 781 liliaeeae
1563 693 1850 813 (Antbolithea
1865 695 2025 785 liliacea
2040 698 2191 814 Brong.

572 850 729 936 Classis.
743 848 968 965 desVegdt
982 848 1071 932 foss.
1100 845 1294 931 Memdu
1308 845 1411 931 Mus
1424 846 1654 941 d'bistauat.
1683 845 2194 971 T.V111.1822.p1.X11L

573 1032 613 1116 p.
621 1002 718 1085 320.
747 1000 888 1085 Prodr.
916 997 1062 1111 pass.
1120 996 1391 1111 Perigonium
1406 994 1572 1108 duplex,
1600 1014 1830 1111 utrumque
1844 996 2104 1111 triphyllum,
2131 998 2195 1083 fo-

575 1150 681 1237 liolis
700 1151 845 1235 erectis
866 1146 1106 1233 lanceolatis
1127 1147 1387 1230 acuminatis.
1444 1143 1650 1229 Ovarium
1670 1145 1851 1260 simplex
1869 1146 2021 1261 pistillo
2042 1146 2192 1233 foliolis

572 1300 782 1415 perigenii
815 1296 941 1410 paulo
978 1294 1197 1412 longiori);
1259 1294 1309 1412 2)
1336 1291 1645 1381 inflorescentia
1672 1297 1887 1382 cuiusdam
1914 1299 2120 1413 graminis
2145 1301 2196 1383 in

572 1477 670 1535 saxo
698 1450 892 1532 arenario
919 1449 1126 1561 variegato
1154 1463 1320 1558 reperta
1347 1442 1633 1563 (Palaeoxyris
1651 1445 1852 1564 regularis
1874 1446 2023 1561 Brong.
2053 1446 2196 1532 Prodr.

574 1596 720 1713 psat,
750 1595 937 1681 Annales
950 1596 1184 1681 dessonat.
1212 1592 1368 1680 T.XV.
1398 1593 1512 1681 Paris
1527 1594 1652 1679 1828,
1670 1594 1802 1709 plau.
1821 1593 1963 1712 fig.1);
2007 1595 2056 1712 3)
2069 1592 2195 1681 inflo-

574 1748 778 1834 rescentia
798 1749 910 1859 spica
929 1745 1144 1832 terminali
1164 1744 1391 1846 fusiformi,
1423 1747 1608 1859 squamis
1634 1763 1745 1830 arcte
1770 1744 2002 1832 imbricatis
2029 1746 2196 1860 adpres-

575 1900 648 2000 sis,
671 1916 787 2011 parte
802 1915 974 1981 externa
991 1895 1194 2012 (squamis
1207 1894 1479 1979 inferioribus
1494 1921 1583 1978 non
1592 1893 1778 2010 obtecta)
1793 1892 2086 1995 rhomboidali,
2106 1922 2197 1979 me-

575 2047 646 2129 dio
667 2073 865 2145 concava,
900 2046 1131 2129 staminum
1153 2045 1343 2157 vestigia3
1401 2042 1450 2159 4)
1470 2060 1638 2127 amenta
1662 2042 1841 2127 mascula
1861 2036 2075 2128 cuiusdam
2100 2043 2196 2132 Pini

573 2195 727 2308 speciei
741 2223 764 2276 e
777 2191 1027 2277 formatione
1039 2195 1224 2279 tertiaria
1239 2192 1507 2277 Narbonensi
1521 2190 1729 2308 (Annales
1743 2190 1879 2276 desso
1893 2209 2030 2276 natur.
2043 2190 2196 2278 T.XV.

575 2371 616 2453 p.
630 2340 698 2425 46.
727 2338 834 2451 pls.
863 2338 973 2456 fig.l.
988 2359 1029 2424 et
1041 2342 1081 2425 2.
1109 2340 1232 2426 Prod.
1259 2340 1412 2459 p.140)
1443 2359 1484 2425 et
1505 2337 1676 2425 tandem
1706 2337 1754 2456 5)
1776 2337 2197 2453 flosNymphaeaceis

576 2487 724 2574 similis
737 2516 760 2571 e
775 2486 927 2572 fodinis
944 2486 1098 2573 Montis
1113 2488 1541 2615 Bolcavceleberrimis.
1595 2488 1785 2574 Exhisoe
1799 2487 1931 2574 allatis
1944 2490 2198 2575 observatio-

577 2640 704 2723 nibus
717 2634 839 2721 floros
849 2636 915 2721 vel
930 2635 1082 2721 florum
1096 2639 1330 2754 fragmenta
1344 2640 1397 2723 ab
1410 2638 1502 2723 aliis
1514 2641 1562 2724 in
1575 2656 1683 2723 statu
1693 2636 1822 2723 fossili
1832 2640 1919 2722 iam
1935 2666 2020 2723 esse
2033 2655 2198 2750 reperta

577 2784 755 2869 omnino
784 2798 915 2894 patet,
956 2811 1103 2868 eorum
1124 2812 1224 2869 vero
1245 2787 1597 2901 organisationem
1618 2788 1854 2887 internam,
1896 2813 2004 2897 quae
2025 2788 2199 2873 nonnisi

577 2931 839 3042 microsoopii
869 2958 947 3043 ope
980 2929 1202 3017 dilucidari
1228 2935 1371 3045 possit,
1406 2934 1487 3017 rite
1515 2960 1761 3049 cognoscere
1789 2935 1957 3017 nemini
1984 2932 2198 3045 hucusque

578 3080 762 3194 contigit.
828 3076 972 3163 Mense
1000 3077 1219 3164 Februarii
1246 3109 1281 3166 a.
1301 3111 1335 3165 c.
1362 3083 1504 3193 accepi
1530 3110 1555 3165 a
1584 3078 1944 3165 Kefersteinio
1978 3078 2126 3165 florem
2148 3083 2199 3166 in

577 3227 827 3346 geanthrace
847 3255 1099 3339 expressum,
1126 3231 1243 3315 cuius
1257 3230 1344 3314 iam
1356 3230 1434 3313 sub
1450 3228 1887 3314 nomineValerianae
1901 3229 2198 3317 salahausensis

578 3378 752 3491 Spreng.
774 3406 797 3459 e
821 3373 908 3461 loco
929 3377 1057 3462 natali
1080 3375 1192 3495 (vico
1213 3381 1261 3463 in
1281 3378 1543 3467 Wetteravia
1560 3379 1670 3495 sito)·
1682 3406 1808 3492 opere
1829 3409 1904 3465 suo
1925 3380 2198 3467 celeberrimo

580 3525 1029 3643 (DieNaturgesch.
1042 3526 1406 3646 dErdlrdrpers.
1440 3528 1564 3617 1834.
1595 3531 1625 3612 2
1647 3530 1731 3617 Th.
1753 3531 1799 3617 S.
1808 3529 1919 3642 874)
1936 3533 2200 3617 mentionem

577 3676 685 3761 fecit
743 3675 943 3758 Accurata
965 3675 1066 3761 dein
1088 3679 1278 3763 instituta
1299 3677 1604 3792 disquisitione,
1631 3705 1720 3762 non
1741 3678 1877 3763 solum
1897 3677 2049 3765 florum
2063 3698 2200 3793 partes

578 3842 784 3923 externas,
799 3851 874 3937 ag.
887 3827 1098 3941 perigenii
1110 3829 1293 3943 vestigia,
1304 3824 1375 3912 sed
1389 3829 1617 3916 antheras
1632 3845 1672 3913 et
1686 3830 1774 3912 imo
1787 3831 1836 3913 in
1850 3831 1937 3913 istis
1950 3832 2051 3942 ipsis
2064 3830 2201 3915 adhuc

578 3973 689 4057 bene
703 3989 992 4055 conservatum
1006 3974 1238 4089 pollinem
1253 3977 1402 4086 reperi.
1461 3966 2200 4092 DeistiusplantaeProtogaeamin-

578 4119 751 4208 colentis
765 4138 914 4204 natura
931 4138 970 4204 et
988 4118 1191 4205 relatione
1211 4120 1264 4205 ad
1279 4126 1374 4208 aevi
1394 4124 1527 4207 nostri
1539 4120 1707 4207 Floram
1724 4122 1846 4238 longe
1861 4123 2116 4237 disputatum
2131 4145 2200 4227 est,

578 4267 713 4353 donec
741 4265 1007 4353 Kuntbius
1035 4298 1128 4353 eam
1155 4300 1206 4353 ex
1235 4268 1404 4383 pollinis
1431 4268 1566 4356 forma
1586 4270 1762 4385 aliisque
1791 4274 1900 4356 notis
1927 4272 1979 4356 ad
2002 4272 2104 4358 Alni
2129 4301 2200 4388 ge-

578 4445 659 4504 nus
680 4445 765 4500 esse
786 4416 1052 4502 referendam
1074 4420 1252 4518 censuit,
1287 4447 1395 4531 quae
1416 4422 1579 4532 opinio,
1615 4448 1712 4504 cum
1734 4423 1822 4533 ipse
1844 4422 1963 4505 brevi
1989 4440 2128 4534 postea
2151 4425 2200 4508 in

578 4566 821 4654 collectione
849 4564 1142 4651 Universitatis
1168 4565 1452 4652 Berolinensis
1484 4562 1703 4671 ditissima,
1739 4599 1867 4683 quarn
1897 4568 1943 4654 C.
1971 4569 2010 4654 S.
2034 4569 2202 4658 Weiss

578 4714 688 4800 mihi
707 4713 892 4829 benigne
915 4715 1096 4827 aperuit,
1126 4712 1381 4827 exemplaria
1401 4714 1524 4831 longe
1543 4714 1788 4827 perfectiora
1811 4716 1991 4799 amentis
2011 4715 2201 4800 masculis

579 4881 620 4949 et
636 4863 830 4948 femineis
845 4860 1029 4947 eiusdem
1043 4866 1209 4978 generis
1227 4865 1402 4980 integris
1415 4862 1551 4948 adhuc
1571 4866 1774 4950 instructa
1794 4865 2056 4966 invenerim,
2085 4882 2202 4951 extra

576 5016 717 5101 omnis
737 5011 1009 5099 dubitationis
1035 5011 1170 5098 aleam
1199 5016 1331 5128 posita
1359 5031 1429 5099 est.
1486 5012 1601 5099 Dein
1622 5015 1751 5101 etiam
1772 5044 1796 5099 e
1818 5015 1961 5101 Museo
1983 5014 2202 5101 Bonnensi
